@book{books/cu/Ha2016,
  author    = {Harper, Robert},
  title     = {Practical Foundations for Programming Languages (2nd. Ed.)},
  publisher = {Cambridge University Press},
  year      = {2016},
  url       = {https://www.cs.cmu.edu/\\%7Erwh/pfpl/index.html},
  isbn      = {9781107150300},
  timestamp = {Fri, 22 May 2020 12:35:11 +0200},
  biburl    = {https://dblp.org/rec/books/cu/Ha2016.bib},
  bibsource = {dblp computer science bibliography, https://dblp.org}
}

@book{books/springer/Aalst11,
  author    = {van der Aalst, Wil M. P.},
  title     = {Process Mining - Discovery, Conformance and Enhancement of Business Processes},
  publisher = {Springer},
  year      = {2011},
  url       = {https://doi.org/10.1007/978-3-642-19345-3},
  doi       = {10.1007/978-3-642-19345-3},
  isbn      = {978-3-642-19344-6},
  timestamp = {Mon, 29 May 2017 13:41:07 +0200},
  biburl    = {https://dblp.org/rec/books/daglib/0027363.bib},
  bibsource = {dblp computer science bibliography, https://dblp.org}
}

@book{books/mk/Pearl89,
  author    = {Pearl, Judea},
  title     = {Probabilistic reasoning in intelligent systems - networks of plausible inference},
  series    = {Morgan Kaufmann series in representation and reasoning},
  publisher = {Morgan Kaufmann},
  year      = {1989},
  timestamp = {Tue, 12 Apr 2011 15:08:30 +0200},
  biburl    = {https://dblp.org/rec/books/daglib/0066829.bib},
  bibsource = {dblp computer science bibliography, https://dblp.org}
}

@book{books/wiley/NielsonN93,
  author    = {Nielson, Hanne Riis and Nielson, Flemming},
  title     = {Semantics with applications - a formal introduction},
  series    = {Wiley professional computing},
  publisher = {Wiley},
  year      = {1992},
  isbn      = {978-0-471-92980-2},
  timestamp = {Thu, 07 Apr 2011 16:16:03 +0200},
  biburl    = {https://dblp.org/rec/books/daglib/0067731.bib},
  bibsource = {dblp computer science bibliography, https://dblp.org}
}

@book{books/mit/Winskel93,
  author    = {Winskel, Glynn},
  title     = {The formal semantics of programming languages - an introduction},
  series    = {Foundation of computing series},
  publisher = {{MIT} Press},
  year      = {1993},
  isbn      = {978-0-262-23169-5},
  timestamp = {Thu, 28 Apr 2011 19:43:07 +0200},
  biburl    = {https://dblp.org/rec/books/daglib/0070910.bib},
  bibsource = {dblp computer science bibliography, https://dblp.org}
}

@incollection{books/wi/Dumas05/KhalafMCW05,
  author    = {Khalaf, Rania and Mukhi, Nirmal and Curbera, Francisco and Weerawarana, Sanjiva},
  title     = {The Business Process Execution Language for Web Services},
  booktitle = {Process-Aware Information Systems: Bridging People and Software Through Process Technology},
  pages     = {317--342},
  year      = {2005},
  crossref  = {books/wi/Dumas2005},
  url       = {https://doi.org/10.1002/0471741442.ch13},
  doi       = {10.1002/0471741442.ch13},
  timestamp = {Sat, 19 Oct 2019 19:02:47 +0200},
  biburl    = {https://dblp.org/rec/books/wi/Dumas05/KhalafMCW05.bib},
  bibsource = {dblp computer science bibliography, https://dblp.org}
}

@inproceedings{conf/aied/PriceZB17,
  author    = {Price, Thomas W. and Zhi, Rui and Barnes, Tiffany},
  title     = {Hint Generation Under Uncertainty: The Effect of Hint Quality on Help-Seeking Behavior},
  booktitle = {Artificial Intelligence in Education - 18th International Conference, {AIED} 2017, Wuhan, China, June 28 - July 1, 2017, Proceedings},
  pages     = {311--322},
  year      = {2017},
  crossref  = {conf/aied/2017},
  url       = {https://doi.org/10.1007/978-3-319-61425-0\_26},
  doi       = {10.1007/978-3-319-61425-0\_26},
  timestamp = {Sat, 19 Oct 2019 20:36:36 +0200},
  biburl    = {https://dblp.org/rec/conf/aied/PriceZB17.bib},
  bibsource = {dblp computer science bibliography, https://dblp.org}
}

@inproceedings{conf/asplos/BucurKC14,
  author    = {Bucur, Stefan and Kinder, Johannes and Candea, George},
  title     = {Prototyping symbolic execution engines for interpreted languages},
  booktitle = {Architectural Support for Programming Languages and Operating Systems, {ASPLOS} '14, Salt Lake City, UT, USA, March 1-5, 2014},
  pages     = {239--254},
  year      = {2014},
  crossref  = {conf/asplos/2014},
  url       = {https://doi.org/10.1145/2541940.2541977},
  doi       = {10.1145/2541940.2541977},
  timestamp = {Tue, 06 Nov 2018 11:07:42 +0100},
  biburl    = {https://dblp.org/rec/conf/asplos/BucurKC14.bib},
  bibsource = {dblp computer science bibliography, https://dblp.org}
}

@inproceedings{conf/birthday/CharalambidesPA19,
  author    = {Charalambides, Minas and Palmskog, Karl and Agha, Gul},
  title     = {Types for Progress in Actor Programs},
  booktitle = {Models, Languages, and Tools for Concurrent and Distributed Programming - Essays Dedicated to Rocco De Nicola on the Occasion of His 65th Birthday},
  pages     = {315--339},
  year      = {2019},
  crossref  = {conf/birthday/2019denicola},
  url       = {https://doi.org/10.1007/978-3-030-21485-2\_18},
  doi       = {10.1007/978-3-030-21485-2\_18},
  timestamp = {Thu, 08 Aug 2019 11:08:02 +0200},
  biburl    = {https://dblp.org/rec/conf/birthday/CharalambidesPA19.bib},
  bibsource = {dblp computer science bibliography, https://dblp.org}
}

@inproceedings{conf/birthday/Josephs04,
  author    = {Josephs, Mark B.},
  title     = {Models for Data-Flow Sequential Processes},
  booktitle = {Communicating Sequential Processes: The First 25 Years, Symposium on the Occasion of 25 Years of CSP, London, UK, July 7-8, 2004, Revised Invited Papers},
  pages     = {85--97},
  year      = {2004},
  crossref  = {conf/birthday/2004csp},
  url       = {https://doi.org/10.1007/11423348\_6},
  doi       = {10.1007/11423348\_6},
  timestamp = {Tue, 14 May 2019 10:00:52 +0200},
  biburl    = {https://dblp.org/rec/conf/birthday/Josephs04.bib},
  bibsource = {dblp computer science bibliography, https://dblp.org}
}

@inproceedings{conf/cav/JaffarMNS12,
  author    = {Jaffar, Joxan and Murali, Vijayaraghavan and Navas, Jorge A. and Santosa, Andrew E.},
  title     = {{TRACER:} {A} Symbolic Execution Tool for Verification},
  booktitle = {Computer Aided Verification - 24th International Conference, {CAV} 2012, Berkeley, CA, USA, July 7-13, 2012 Proceedings},
  pages     = {758--766},
  year      = {2012},
  crossref  = {conf/cav/2012},
  url       = {https://doi.org/10.1007/978-3-642-31424-7\_61},
  doi       = {10.1007/978-3-642-31424-7\_61},
  timestamp = {Tue, 14 May 2019 10:00:43 +0200},
  biburl    = {https://dblp.org/rec/conf/cav/JaffarMNS12.bib},
  bibsource = {dblp computer science bibliography, https://dblp.org}
}

@proceedings{conf/cefp/2013,
  editor    = {Zs{\'{o}}k, Vikt{\'{o}}ria and Horv{\'{a}}th, Zolt{\'{a}}n and Csat{\'{o}}, Lehel},
  title     = {Central European Functional Programming School - 5th Summer School, {CEFP} 2013, Cluj-Napoca, Romania, July 8-20, 2013, Revised Selected Papers},
  series    = {Lecture Notes in Computer Science},
  volume    = {8606},
  publisher = {Springer},
  year      = {2015},
  url       = {https://doi.org/10.1007/978-3-319-15940-9},
  doi       = {10.1007/978-3-319-15940-9},
  isbn      = {978-3-319-15939-3},
  timestamp = {Tue, 14 May 2019 10:00:42 +0200},
  biburl    = {https://dblp.org/rec/conf/cefp/2013.bib},
  bibsource = {dblp computer science bibliography, https://dblp.org}
}

@inproceedings{conf/cefp/Gibbons13,
  author    = {Gibbons, Jeremy},
  title     = {Functional Programming for Domain-Specific Languages},
  booktitle = {Central European Functional Programming School - 5th Summer School, {CEFP} 2013, Cluj-Napoca, Romania, July 8-20, 2013, Revised Selected Papers},
  pages     = {1--28},
  year      = {2013},
  crossref  = {conf/cefp/2013},
  url       = {https://doi.org/10.1007/978-3-319-15940-9\_1},
  doi       = {10.1007/978-3-319-15940-9\_1},
  timestamp = {Tue, 14 May 2019 10:00:42 +0200},
  biburl    = {https://dblp.org/rec/conf/cefp/Gibbons13.bib},
  bibsource = {dblp computer science bibliography, https://dblp.org}
}

@inproceedings{conf/cefp/JeuringGH11,
  author    = {Jeuring, Johan and Gerdes, Alex and Heeren, Bastiaan},
  title     = {A Programming Tutor for Haskell},
  booktitle = {Central European Functional Programming School - 4th Summer School, {CEFP} 2011, Budapest, Hungary, June 14-24, 2011, Revised Selected Papers},
  pages     = {1--45},
  year      = {2011},
  crossref  = {conf/cefp/2011},
  url       = {https://doi.org/10.1007/978-3-642-32096-5\_1},
  doi       = {10.1007/978-3-642-32096-5\_1},
  timestamp = {Tue, 14 May 2019 10:00:42 +0200},
  biburl    = {https://dblp.org/rec/conf/cefp/JeuringGH11.bib},
  bibsource = {dblp computer science bibliography, https://dblp.org}
}

@inproceedings{conf/cefp/StutterheimAP15,
  author    = {Stutterheim, Jurri{\"{e}}n and Achten, Peter and Plasmeijer, Rinus},
  title     = {Static and Dynamic Visualisations of Monadic Programs},
  booktitle = {Central European Functional Programming School - 6th Summer School, {CEFP} 2015, Budapest, Hungary, July 6-10, 2015, Revised Selected Papers},
  pages     = {341--379},
  year      = {2015},
  crossref  = {conf/cefp/2015},
  url       = {https://doi.org/10.1007/978-3-030-28346-9\_9},
  doi       = {10.1007/978-3-030-28346-9\_9},
  timestamp = {Wed, 14 Aug 2019 10:52:54 +0200},
  biburl    = {https://dblp.org/rec/conf/cefp/StutterheimAP15.bib},
  bibsource = {dblp computer science bibliography, https://dblp.org}
}

@inproceedings{conf/cgo/KoopmanLP18,
  author    = {Koopman, Pieter and Lubbers, Mart and Plasmeijer, Rinus},
  title     = {A Task-Based {DSL} for Microcomputers},
  booktitle = {Proceedings of the Real World Domain Specific Languages Workshop, RWDSL@CGO 2018, Vienna, Austria, February 24-24, 2018},
  pages     = {4:1--4:11},
  year      = {2018},
  crossref  = {conf/cgo/2018rwdsl},
  url       = {https://doi.org/10.1145/3183895.3183902},
  doi       = {10.1145/3183895.3183902},
  timestamp = {Fri, 05 Apr 2019 11:13:44 +0200},
  biburl    = {https://dblp.org/rec/conf/cgo/KoopmanLP18.bib},
  bibsource = {dblp computer science bibliography, https://dblp.org}
}

@inproceedings{conf/cig/LimH14,
  author    = {Lim, Chong{-}U and Harrell, D. Fox},
  title     = {An approach to general videogame evaluation and automatic generation using a description language},
  booktitle = {2014 {IEEE} Conference on Computational Intelligence and Games, {CIG} 2014, Dortmund, Germany, August 26-29, 2014},
  pages     = {1--8},
  year      = {2014},
  crossref  = {conf/cig/2014},
  url       = {https://doi.org/10.1109/CIG.2014.6932896},
  doi       = {10.1109/CIG.2014.6932896},
  timestamp = {Wed, 16 Oct 2019 14:14:56 +0200},
  biburl    = {https://dblp.org/rec/conf/cig/LimH14.bib},
  bibsource = {dblp computer science bibliography, https://dblp.org}
}

@inproceedings{conf/date/WeinbergerBB08,
  author    = {Weinberger, Katharina and Bulach, Slava and Bosch, Robert},
  title     = {Application of Workflow Petri Nets to Modeling of Formal Verification Processes in Design Flow of Digital Integrated Circuits},
  booktitle = {Design, Automation and Test in Europe, {DATE} 2008, Munich, Germany, March 10-14, 2008},
  pages     = {937--938},
  year      = {2008},
  crossref  = {conf/date/2008},
  url       = {https://doi.org/10.1109/DATE.2008.4484798},
  doi       = {10.1109/DATE.2008.4484798},
  timestamp = {Wed, 16 Oct 2019 14:14:53 +0200},
  biburl    = {https://dblp.org/rec/conf/date/WeinbergerBB08.bib},
  bibsource = {dblp computer science bibliography, https://dblp.org}
}

@inproceedings{conf/ecoopw/BourgoisAP93,
  author    = {Bourgois, Marc and Andreoli, Jean{-}Marc and Pareschi, Remo},
  title     = {Concurrency and Communication: Choices in Implementing the Coordination Language {LO}},
  booktitle = {Object-Based Distributed Programming, {ECOOP} '93 Workshop, Kaiserslautern, Germany, July 26-27, 1993},
  pages     = {73--92},
  year      = {1993},
  crossref  = {conf/ecoopw/1993},
  url       = {https://doi.org/10.1007/BFb0017535},
  doi       = {10.1007/BFb0017535},
  timestamp = {Tue, 14 May 2019 10:00:54 +0200},
  biburl    = {https://dblp.org/rec/conf/ecoopw/BourgoisAP93.bib},
  bibsource = {dblp computer science bibliography, https://dblp.org}
}

@inproceedings{conf/ectel/GerdesHJ12,
  author    = {Gerdes, Alex and Heeren, Bastiaan and Jeuring, Johan},
  title     = {Teachers and Students in Charge - Using Annotated Model Solutions in a Functional Programming Tutor},
  booktitle = {21st Century Learning for 21st Century Skills - 7th European Conference of Technology Enhanced Learning, {EC-TEL} 2012, Saarbr{\"{u}}cken, Germany, September 18-21, 2012. Proceedings},
  pages     = {383--388},
  year      = {2012},
  crossref  = {conf/ectel/2012},
  url       = {https://doi.org/10.1007/978-3-642-33263-0\_31},
  doi       = {10.1007/978-3-642-33263-0\_31},
  timestamp = {Tue, 14 May 2019 10:00:47 +0200},
  biburl    = {https://dblp.org/rec/conf/ectel/GerdesHJ12.bib},
  bibsource = {dblp computer science bibliography, https://dblp.org}
}

@inproceedings{conf/edm/PeddycordHB14,
  author    = {III, Barry W. Peddycord and Hicks, Andrew and Barnes, Tiffany},
  title     = {Generating Hints for Programming Problems Using Intermediate Output},
  booktitle = {Proceedings of the 7th International Conference on Educational Data Mining, {EDM} 2014, London, UK, July 4-7, 2014},
  pages     = {92--98},
  year      = {2014},
  crossref  = {conf/edm/2014},
  url       = {http://www.educationaldatamining.org/EDM2014/uploads/procs2014/longpapers/92\_EDM-2014-Full.pdf},
  timestamp = {Fri, 22 Jul 2016 13:02:50 +0200},
  biburl    = {https://dblp.org/rec/conf/edm/PeddycordHB14.bib},
  bibsource = {dblp computer science bibliography, https://dblp.org}
}

@inproceedings{conf/edm/PriceDB16,
  author    = {Price, Thomas W. and Dong, Yihuan and Barnes, Tiffany},
  title     = {Generating Data-driven Hints for Open-ended Programming},
  booktitle = {Proceedings of the 9th International Conference on Educational Data Mining, {EDM} 2016, Raleigh, North Carolina, USA, June 29 - July 2, 2016},
  pages     = {191--198},
  year      = {2016},
  crossref  = {conf/edm/2016},
  url       = {http://www.educationaldatamining.org/EDM2016/proceedings/paper\_33.pdf},
  timestamp = {Thu, 12 Mar 2020 11:35:50 +0100},
  biburl    = {https://dblp.org/rec/conf/edm/PriceDB16.bib},
  bibsource = {dblp computer science bibliography, https://dblp.org}
}

@inproceedings{conf/esop/LiangH96,
  author    = {Liang, Sheng and Hudak, Paul},
  title     = {Modular Denotational Semantics for Compiler Construction},
  booktitle = {Programming Languages and Systems - ESOP'96, 6th European Symposium on Programming, Link{\"{o}}ping, Sweden, April 22-24, 1996, Proceedings},
  pages     = {219--234},
  year      = {1996},
  crossref  = {conf/esop/1996},
  url       = {https://doi.org/10.1007/3-540-61055-3\_39},
  doi       = {10.1007/3-540-61055-3\_39},
  timestamp = {Tue, 14 May 2019 10:00:41 +0200},
  biburl    = {https://dblp.org/rec/conf/esop/LiangH96.bib},
  bibsource = {dblp computer science bibliography, https://dblp.org}
}

@inproceedings{conf/europlop/LearSM19,
  author    = {Lear, James and Scarle, Simon and McClatchey, Richard},
  title     = {Asset pipeline patterns: patterns in interactive real-time visualization workflow},
  booktitle = {Proceedings of the 24th European Conference on Pattern Languages of Programs, EuroPLoP 2019, Irsee, Germany, July 3-7, 2019},
  pages     = {6:1--6:11},
  year      = {2019},
  crossref  = {conf/europlop/2019},
  url       = {https://doi.org/10.1145/3361149.3361155},
  doi       = {10.1145/3361149.3361155},
  timestamp = {Mon, 09 Dec 2019 14:02:07 +0100},
  biburl    = {https://dblp.org/rec/conf/europlop/LearSM19.bib},
  bibsource = {dblp computer science bibliography, https://dblp.org}
}

@inproceedings{conf/fase/ThumSKAS12,
  author    = {Th{\"{u}}m, Thomas and Schaefer, Ina and Kuhlemann, Martin and Apel, Sven and Saake, Gunter},
  title     = {Applying Design by Contract to Feature-Oriented Programming},
  booktitle = {Fundamental Approaches to Software Engineering - 15th International Conference, {FASE} 2012, Held as Part of the European Joint Conferences on Theory and Practice of Software, {ETAPS} 2012, Tallinn, Estonia, March 24 - April 1, 2012. Proceedings},
  pages     = {255--269},
  year      = {2012},
  crossref  = {conf/fase/2012},
  url       = {https://doi.org/10.1007/978-3-642-28872-2\_18},
  doi       = {10.1007/978-3-642-28872-2\_18},
  timestamp = {Tue, 14 May 2019 10:00:54 +0200},
  biburl    = {https://dblp.org/rec/conf/fase/ThumSKAS12.bib},
  bibsource = {dblp computer science bibliography, https://dblp.org}
}

@inproceedings{conf/haskell/Morris10,
  author    = {Morris, J. Garrett},
  title     = {Experience report: using hackage to inform language design},
  booktitle = {Proceedings of the 3rd {ACM} {SIGPLAN} Symposium on Haskell, Haskell 2010, Baltimore, MD, USA, 30 September 2010},
  pages     = {61--66},
  year      = {2010},
  crossref  = {conf/haskell/2010},
  url       = {https://doi.org/10.1145/1863523.1863531},
  doi       = {10.1145/1863523.1863531},
  timestamp = {Tue, 06 Nov 2018 16:58:22 +0100},
  biburl    = {https://dblp.org/rec/conf/haskell/Morris10.bib},
  bibsource = {dblp computer science bibliography, https://dblp.org}
}

@inproceedings{conf/icdcit/BerryS14,
  author    = {Berry, G{\'{e}}rard and Serrano, Manuel},
  title     = {Hop and HipHop: Multitier Web Orchestration},
  booktitle = {Distributed Computing and Internet Technology - 10th International Conference, {ICDCIT} 2014, Bhubaneswar, India, February 6-9, 2014. Proceedings},
  pages     = {1--13},
  year      = {2014},
  crossref  = {conf/icdcit/2014},
  url       = {https://doi.org/10.1007/978-3-319-04483-5\_1},
  doi       = {10.1007/978-3-319-04483-5\_1},
  timestamp = {Tue, 14 May 2019 10:00:46 +0200},
  biburl    = {https://dblp.org/rec/conf/icdcit/BerryS14.bib},
  bibsource = {dblp computer science bibliography, https://dblp.org}
}

@proceedings{conf/icfp/2000,
  editor    = {Odersky, Martin and Wadler, Philip},
  title     = {Proceedings of the Fifth {ACM} {SIGPLAN} International Conference on Functional Programming {(ICFP} '00), Montreal, Canada, September 18-21, 2000},
  publisher = {{ACM}},
  year      = {2000},
  isbn      = {1-58113-202-6},
  timestamp = {Tue, 11 Jun 2013 13:51:25 +0200},
  biburl    = {https://dblp.org/rec/conf/icfp/2000.bib},
  bibsource = {dblp computer science bibliography, https://dblp.org}
}

@proceedings{conf/icfp/2002,
  editor    = {Wand, Mitchell and Jones, Simon L. Peyton},
  title     = {Proceedings of the Seventh {ACM} {SIGPLAN} International Conference on Functional Programming {(ICFP} '02), Pittsburgh, Pennsylvania, USA, October 4-6, 2002},
  publisher = {{ACM}},
  year      = {2002},
  isbn      = {1-58113-487-8},
  timestamp = {Tue, 11 Jun 2013 13:49:16 +0200},
  biburl    = {https://dblp.org/rec/conf/icfp/2002.bib},
  bibsource = {dblp computer science bibliography, https://dblp.org}
}

@inproceedings{conf/icfp/Bahr14,
  author    = {Bahr, Patrick},
  title     = {Composing and decomposing data types: a closed type families implementation of data types {\`{a}} la carte},
  booktitle = {Proceedings of the 10th {ACM} {SIGPLAN} workshop on Generic programming, {WGP} 2014, Gothenburg, Sweden, August 31, 2014},
  pages     = {71--82},
  year      = {2014},
  crossref  = {conf/icfp/2014wgp},
  url       = {https://doi.org/10.1145/2633628.2633635},
  doi       = {10.1145/2633628.2633635},
  timestamp = {Wed, 14 Nov 2018 10:52:41 +0100},
  biburl    = {https://dblp.org/rec/conf/icfp/Bahr14.bib},
  bibsource = {dblp computer science bibliography, https://dblp.org}
}

@inproceedings{conf/icfp/ClaessenH00,
  author    = {Claessen, Koen and Hughes, John},
  title     = {QuickCheck: a lightweight tool for random testing of Haskell programs},
  booktitle = {Proceedings of the Fifth {ACM} {SIGPLAN} International Conference on Functional Programming {(ICFP} '00), Montreal, Canada, September 18-21, 2000},
  pages     = {268--279},
  year      = {2000},
  crossref  = {conf/icfp/2000},
  url       = {https://doi.org/10.1145/351240.351266},
  doi       = {10.1145/351240.351266},
  timestamp = {Tue, 06 Nov 2018 16:59:25 +0100},
  biburl    = {https://dblp.org/rec/conf/icfp/ClaessenH00.bib},
  bibsource = {dblp computer science bibliography, https://dblp.org}
}

@inproceedings{conf/icfp/NanevskiMB06,
  author    = {Nanevski, Aleksandar and Morrisett, Greg and Birkedal, Lars},
  title     = {Polymorphism and separation in hoare type theory},
  booktitle = {Proceedings of the 11th {ACM} {SIGPLAN} International Conference on Functional Programming, {ICFP} 2006, Portland, Oregon, USA, September 16-21, 2006},
  pages     = {62--73},
  year      = {2006},
  crossref  = {conf/icfp/2006},
  url       = {https://doi.org/10.1145/1159803.1159812},
  doi       = {10.1145/1159803.1159812},
  timestamp = {Tue, 06 Nov 2018 16:59:24 +0100},
  biburl    = {https://dblp.org/rec/conf/icfp/NanevskiMB06.bib},
  bibsource = {dblp computer science bibliography, https://dblp.org}
}

@inproceedings{conf/icfp/NanevskiMSGB08,
  author    = {Nanevski, Aleksandar and Morrisett, Greg and Shinnar, Avraham and Govereau, Paul and Birkedal, Lars},
  title     = {Ynot: dependent types for imperative programs},
  booktitle = {Proceeding of the 13th {ACM} {SIGPLAN} international conference on Functional programming, {ICFP} 2008, Victoria, BC, Canada, September 20-28, 2008},
  pages     = {229--240},
  year      = {2008},
  crossref  = {conf/icfp/2008},
  url       = {https://doi.org/10.1145/1411204.1411237},
  doi       = {10.1145/1411204.1411237},
  timestamp = {Mon, 23 Mar 2020 12:22:51 +0100},
  biburl    = {https://dblp.org/rec/conf/icfp/NanevskiMSGB08.bib},
  bibsource = {dblp computer science bibliography, https://dblp.org}
}

@inproceedings{conf/icfp/VisserBT98,
  author    = {Visser, Eelco and Benaissa, Zine{-}El{-}Abidine and Tolmach, Andrew P.},
  title     = {Building Program Optimizers with Rewriting Strategies},
  booktitle = {Proceedings of the third {ACM} {SIGPLAN} International Conference on Functional Programming {(ICFP} '98), Baltimore, Maryland, USA, September 27-29, 1998},
  pages     = {13--26},
  year      = {1998},
  crossref  = {conf/icfp/1998},
  url       = {https://doi.org/10.1145/289423.289425},
  doi       = {10.1145/289423.289425},
  timestamp = {Tue, 06 Nov 2018 16:59:24 +0100},
  biburl    = {https://dblp.org/rec/conf/icfp/VisserBT98.bib},
  bibsource = {dblp computer science bibliography, https://dblp.org}
}

@inproceedings{conf/ifl/KlinikJP17,
  author    = {Klinik, Markus and Jansen, Jan Martin and Plasmeijer, Rinus},
  title     = {The Sky is the Limit: Analysing Resource Consumption Over Time Using Skylines},
  booktitle = {Proceedings of the 29th Symposium on Implementation and Application of Functional Programming Languages, {IFL} 2017, Bristol, UK, August 30 - September 01, 2017},
  pages     = {8:1--8:12},
  year      = {2017},
  crossref  = {conf/ifl/2017},
  url       = {https://doi.org/10.1145/3205368.3205376},
  doi       = {10.1145/3205368.3205376},
  timestamp = {Wed, 21 Nov 2018 12:43:56 +0100},
  biburl    = {https://dblp.org/rec/conf/ifl/KlinikJP17.bib},
  bibsource = {dblp computer science bibliography, https://dblp.org}
}

@inproceedings{conf/ifl/KoopmanPA08,
  author    = {Koopman, Pieter W. M. and Plasmeijer, Rinus and Achten, Peter},
  title     = {An Executable and Testable Semantics for iTasks},
  booktitle = {Implementation and Application of Functional Languages - 20th International Symposium, {IFL} 2008, Hatfield, UK, September 10-12, 2008. Revised Selected Papers},
  pages     = {212--232},
  year      = {2008},
  crossref  = {conf/ifl/2008},
  url       = {https://doi.org/10.1007/978-3-642-24452-0\_12},
  doi       = {10.1007/978-3-642-24452-0\_12},
  timestamp = {Tue, 14 May 2019 10:00:35 +0200},
  biburl    = {https://dblp.org/rec/conf/ifl/KoopmanPA08.bib},
  bibsource = {dblp computer science bibliography, https://dblp.org}
}

@inproceedings{conf/ifl/OortgieseGAP17,
  author    = {Oortgiese, Arjan and van Groningen, John H. G. and Achten, Peter and Plasmeijer, Rinus},
  title     = {A Distributed Dynamic Architecture for Task Oriented Programming},
  booktitle = {Proceedings of the 29th Symposium on Implementation and Application of Functional Programming Languages, {IFL} 2017, Bristol, UK, August 30 - September 01, 2017},
  pages     = {7:1--7:12},
  year      = {2017},
  crossref  = {conf/ifl/2017},
  url       = {https://doi.org/10.1145/3205368.3205375},
  doi       = {10.1145/3205368.3205375},
  timestamp = {Wed, 21 Nov 2018 12:43:56 +0100},
  biburl    = {https://dblp.org/rec/conf/ifl/OortgieseGAP17.bib},
  bibsource = {dblp computer science bibliography, https://dblp.org}
}

@inproceedings{conf/ijcai/Hewitt69,
  author    = {Hewitt, Carl},
  title     = {{PLANNER:} {A} Language for Proving Theorems in Robots},
  booktitle = {Proceedings of the 1st International Joint Conference on Artificial Intelligence, Washington, DC, USA, May 7-9, 1969},
  pages     = {295--302},
  year      = {1969},
  crossref  = {conf/ijcai/1969},
  url       = {http://ijcai.org/Proceedings/69/Papers/030.pdf},
  timestamp = {Tue, 20 Aug 2019 16:17:05 +0200},
  biburl    = {https://dblp.org/rec/conf/ijcai/Hewitt69.bib},
  bibsource = {dblp computer science bibliography, https://dblp.org}
}

@inproceedings{conf/ijcai/Reinefeld93,
  author    = {Reinefeld, Alexander},
  title     = {Complete Solution of the Eight-Puzzle and the Benefit of Node Ordering in {IDA}},
  booktitle = {Proceedings of the 13th International Joint Conference on Artificial Intelligence. Chamb{\'{e}}ry, France, August 28 - September 3, 1993},
  pages     = {248--253},
  year      = {1993},
  crossref  = {conf/ijcai/1993},
  url       = {http://ijcai.org/Proceedings/93-1/Papers/035.pdf},
  timestamp = {Tue, 20 Aug 2019 16:18:33 +0200},
  biburl    = {https://dblp.org/rec/conf/ijcai/Reinefeld93.bib},
  bibsource = {dblp computer science bibliography, https://dblp.org}
}

@inproceedings{conf/ijcai/ReiserAF85,
  author    = {Reiser, Brian J. and Anderson, John R. and Farrell, Robert G.},
  title     = {Dynamic Student Modelling in an Intelligent Tutor for {LISP} Programming},
  booktitle = {Proceedings of the 9th International Joint Conference on Artificial Intelligence. Los Angeles, CA, USA, August 1985},
  pages     = {8--14},
  year      = {1985},
  crossref  = {conf/ijcai/1985},
  url       = {http://ijcai.org/Proceedings/85-1/Papers/002.pdf},
  timestamp = {Tue, 20 Aug 2019 16:19:04 +0200},
  biburl    = {https://dblp.org/rec/conf/ijcai/ReiserAF85.bib},
  bibsource = {dblp computer science bibliography, https://dblp.org}
}

@inproceedings{conf/ijcnn/RoachMT13,
  author    = {Roach, Jon H. and II, Robert J. Marks and Thompson, Benjamin},
  title     = {Tactical task allocation and resource management in non-stationary swarm dynamics},
  booktitle = {The 2013 International Joint Conference on Neural Networks, {IJCNN} 2013, Dallas, TX, USA, August 4-9, 2013},
  pages     = {1--5},
  year      = {2013},
  crossref  = {conf/ijcnn/2013},
  url       = {https://doi.org/10.1109/IJCNN.2013.6706879},
  doi       = {10.1109/IJCNN.2013.6706879},
  timestamp = {Wed, 16 Oct 2019 14:14:55 +0200},
  biburl    = {https://dblp.org/rec/conf/ijcnn/RoachMT13.bib},
  bibsource = {dblp computer science bibliography, https://dblp.org}
}

@inproceedings{conf/iticse/GerdesJH12,
  author    = {Gerdes, Alex and Jeuring, Johan and Heeren, Bastiaan},
  title     = {An interactive functional programming tutor},
  booktitle = {Annual Conference on Innovation and Technology in Computer Science Education, ITiCSE '12, Haifa, Israel, July 3-5, 2012},
  pages     = {250--255},
  year      = {2012},
  crossref  = {conf/iticse/2012},
  url       = {https://doi.org/10.1145/2325296.2325356},
  doi       = {10.1145/2325296.2325356},
  timestamp = {Tue, 06 Nov 2018 11:07:10 +0100},
  biburl    = {https://dblp.org/rec/conf/iticse/GerdesJH12.bib},
  bibsource = {dblp computer science bibliography, https://dblp.org}
}

@inproceedings{conf/iticse/KeuningJH16,
  author    = {Keuning, Hieke and Jeuring, Johan and Heeren, Bastiaan},
  title     = {Towards a Systematic Review of Automated Feedback Generation for Programming Exercises},
  booktitle = {Proceedings of the 2016 {ACM} Conference on Innovation and Technology in Computer Science Education, ITiCSE 2016, Arequipa, Peru, July 9-13, 2016},
  pages     = {41--46},
  year      = {2016},
  crossref  = {conf/iticse/2016},
  url       = {https://doi.org/10.1145/2899415.2899422},
  doi       = {10.1145/2899415.2899422},
  timestamp = {Tue, 06 Nov 2018 11:07:10 +0100},
  biburl    = {https://dblp.org/rec/conf/iticse/KeuningJH16.bib},
  bibsource = {dblp computer science bibliography, https://dblp.org}
}

@inproceedings{conf/its/BarnesS08,
  author    = {Barnes, Tiffany and Stamper, John C.},
  title     = {Toward Automatic Hint Generation for Logic Proof Tutoring Using Historical Student Data},
  booktitle = {Intelligent Tutoring Systems, 9th International Conference, {ITS} 2008, Montreal, Canada, June 23-27, 2008, Proceedings},
  pages     = {373--382},
  year      = {2008},
  crossref  = {conf/its/2008},
  url       = {https://doi.org/10.1007/978-3-540-69132-7\_41},
  doi       = {10.1007/978-3-540-69132-7\_41},
  timestamp = {Tue, 14 May 2019 10:00:48 +0200},
  biburl    = {https://dblp.org/rec/conf/its/BarnesS08.bib},
  bibsource = {dblp computer science bibliography, https://dblp.org}
}

@inproceedings{conf/its/KhuwajaP96,
  author    = {Khuwaja, Ramzan and Patel, Vimla L.},
  title     = {A Model of Tutoring: Based on the Behavior of Effective Human Tutors},
  booktitle = {Intelligent Tutoring Systems, Third International Conference, {ITS} '96, Montr{\'{e}}al, Canada, June 12-14, 1996, Proceedings},
  pages     = {130--138},
  year      = {1996},
  crossref  = {conf/its/1996},
  url       = {https://doi.org/10.1007/3-540-61327-7\_109},
  doi       = {10.1007/3-540-61327-7\_109},
  timestamp = {Tue, 14 May 2019 10:00:48 +0200},
  biburl    = {https://dblp.org/rec/conf/its/KhuwajaP96.bib},
  bibsource = {dblp computer science bibliography, https://dblp.org}
}

@inproceedings{conf/its/PalominoSN14,
  author    = {Palomino, Cecilia Estela Giuffra and Silveira, Ricardo Azambuja and Nakayama, Marina Keiko},
  title     = {An Intelligent {LMS} Model Based on Intelligent Tutoring Systems},
  booktitle = {Intelligent Tutoring Systems - 12th International Conference, {ITS} 2014, Honolulu, HI, USA, June 5-9, 2014. Proceedings},
  pages     = {567--574},
  year      = {2014},
  crossref  = {conf/its/2014},
  url       = {https://doi.org/10.1007/978-3-319-07221-0\_72},
  doi       = {10.1007/978-3-319-07221-0\_72},
  timestamp = {Wed, 25 Sep 2019 18:06:32 +0200},
  biburl    = {https://dblp.org/rec/conf/its/PalominoSN14.bib},
  bibsource = {dblp computer science bibliography, https://dblp.org}
}

@inproceedings{conf/its/PaquetteLBM12,
  author    = {Paquette, Luc and Lebeau, Jean{-}Fran{\c{c}}ois and Beaulieu, Gabriel and Mayers, Andr{\'{e}}},
  title     = {Automating Next-Step Hints Generation Using {ASTUS}},
  booktitle = {Intelligent Tutoring Systems - 11th International Conference, {ITS} 2012, Chania, Crete, Greece, June 14-18, 2012. Proceedings},
  pages     = {201--211},
  year      = {2012},
  crossref  = {conf/its/2012},
  url       = {https://doi.org/10.1007/978-3-642-30950-2\_26},
  doi       = {10.1007/978-3-642-30950-2\_26},
  timestamp = {Sun, 02 Jun 2019 21:14:20 +0200},
  biburl    = {https://dblp.org/rec/conf/its/PaquetteLBM12.bib},
  bibsource = {dblp computer science bibliography, https://dblp.org}
}

@inproceedings{conf/iwls/Edwards02,
  author    = {Edwards, Stephen A.},
  title     = {High-Level Synthesis from the Synchronous Language Esterel},
  booktitle = {11th {IEEE/ACM} International Workshop on Logic {\\&} Synthesis, {IWLS} 2002, June 4-7, 2002, New Orleans, Louisiana, {USA}},
  pages     = {401--406},
  year      = {2002},
  crossref  = {conf/iwls/2002},
  timestamp = {Sun, 04 Aug 2019 18:01:44 +0200},
  biburl    = {https://dblp.org/rec/conf/iwls/Edwards02.bib},
  bibsource = {dblp computer science bibliography, https://dblp.org}
}

@inproceedings{conf/lats/PiechSHG15,
  author    = {Piech, Chris and Sahami, Mehran and Huang, Jonathan and Guibas, Leonidas J.},
  title     = {Autonomously Generating Hints by Inferring Problem Solving Policies},
  booktitle = {Proceedings of the Second {ACM} Conference on Learning @ Scale, L@S 2015, Vancouver, BC, Canada, March 14 - 18, 2015},
  pages     = {195--204},
  year      = {2015},
  crossref  = {conf/lats/2015},
  url       = {https://doi.org/10.1145/2724660.2724668},
  doi       = {10.1145/2724660.2724668},
  timestamp = {Tue, 06 Nov 2018 16:58:33 +0100},
  biburl    = {https://dblp.org/rec/conf/lats/PiechSHG15.bib},
  bibsource = {dblp computer science bibliography, https://dblp.org}
}

@inproceedings{conf/oopsla/MeyerovichGBCGBK09,
  author    = {Meyerovich, Leo A. and Guha, Arjun and Baskin, Jacob P. and Cooper, Gregory H. and Greenberg, Michael and Bromfield, Aleks and Krishnamurthi, Shriram},
  title     = {Flapjax: a programming language for Ajax applications},
  booktitle = {Proceedings of the 24th Annual {ACM} {SIGPLAN} Conference on Object-Oriented Programming, Systems, Languages, and Applications, {OOPSLA} 2009, October 25-29, 2009, Orlando, Florida, {USA}},
  pages     = {1--20},
  year      = {2009},
  crossref  = {conf/oopsla/2009},
  url       = {https://doi.org/10.1145/1640089.1640091},
  doi       = {10.1145/1640089.1640091},
  timestamp = {Tue, 06 Nov 2018 16:57:15 +0100},
  biburl    = {https://dblp.org/rec/conf/oopsla/MeyerovichGBCGBK09.bib},
  bibsource = {dblp computer science bibliography, https://dblp.org}
}

@inproceedings{conf/osdi/CadarDE08,
  author    = {Cadar, Cristian and Dunbar, Daniel and Engler, Dawson R.},
  title     = {{KLEE:} Unassisted and Automatic Generation of High-Coverage Tests for Complex Systems Programs},
  booktitle = {8th {USENIX} Symposium on Operating Systems Design and Implementation, {OSDI} 2008, December 8-10, 2008, San Diego, California, USA, Proceedings},
  pages     = {209--224},
  year      = {2008},
  crossref  = {conf/osdi/2008},
  url       = {http://www.usenix.org/events/osdi08/tech/full\_papers/cadar/cadar.pdf},
  timestamp = {Thu, 12 Mar 2020 11:35:55 +0100},
  biburl    = {https://dblp.org/rec/conf/osdi/CadarDE08.bib},
  bibsource = {dblp computer science bibliography, https://dblp.org}
}

@proceedings{conf/pepm/2011,
  editor    = {Khoo, Siau{-}Cheng and Siek, Jeremy G.},
  title     = {Proceedings of the 2011 {ACM} {SIGPLAN} Workshop on Partial Evaluation and Program Manipulation, {PEPM} 2011, Austin, TX, USA, January 24-25, 2011},
  publisher = {{ACM}},
  year      = {2011},
  url       = {http://dl.acm.org/citation.cfm?id=1929501},
  isbn      = {978-1-4503-0485-6},
  timestamp = {Tue, 22 May 2012 15:24:56 +0200},
  biburl    = {https://dblp.org/rec/conf/pepm/2011.bib},
  bibsource = {dblp computer science bibliography, https://dblp.org}
}

@inproceedings{conf/pepm/PlasmeijerAKLNG11,
  author    = {Plasmeijer, Rinus and Achten, Peter and Koopman, Pieter W. M. and Lijnse, Bas and van Noort, Thomas and van Groningen, John H. G.},
  title     = {iTasks for a change: type-safe run-time change in dynamically evolving workflows},
  booktitle = {Proceedings of the 2011 {ACM} {SIGPLAN} Workshop on Partial Evaluation and Program Manipulation, {PEPM} 2011, Austin, TX, USA, January 24-25, 2011},
  pages     = {151--160},
  year      = {2011},
  crossref  = {conf/pepm/2011},
  url       = {https://doi.org/10.1145/1929501.1929528},
  doi       = {10.1145/1929501.1929528},
  timestamp = {Tue, 06 Nov 2018 16:57:57 +0100},
  biburl    = {https://dblp.org/rec/conf/pepm/PlasmeijerAKLNG11.bib},
  bibsource = {dblp computer science bibliography, https://dblp.org}
}

@inproceedings{conf/pldi/HallahanXBJP19,
  author    = {Hallahan, William T. and Xue, Anton and Bland, Maxwell Troy and Jhala, Ranjit and Piskac, Ruzica},
  title     = {Lazy counterfactual symbolic execution},
  booktitle = {Proceedings of the 40th {ACM} {SIGPLAN} Conference on Programming Language Design and Implementation, {PLDI} 2019, Phoenix, AZ, USA, June 22-26, 2019},
  pages     = {411--424},
  year      = {2019},
  crossref  = {conf/pldi/2019},
  url       = {https://doi.org/10.1145/3314221.3314618},
  doi       = {10.1145/3314221.3314618},
  timestamp = {Sun, 09 Jun 2019 19:00:05 +0200},
  biburl    = {https://dblp.org/rec/conf/pldi/HallahanXBJP19.bib},
  bibsource = {dblp computer science bibliography, https://dblp.org}
}

@inproceedings{conf/pldi/SwamyWSCL13,
  author    = {Swamy, Nikhil and Weinberger, Joel and Schlesinger, Cole and Chen, Juan and Livshits, Benjamin},
  title     = {Verifying higher-order programs with the dijkstra monad},
  booktitle = {{ACM} {SIGPLAN} Conference on Programming Language Design and Implementation, {PLDI} '13, Seattle, WA, USA, June 16-19, 2013},
  pages     = {387--398},
  year      = {2013},
  crossref  = {conf/pldi/2013},
  url       = {https://doi.org/10.1145/2491956.2491978},
  doi       = {10.1145/2491956.2491978},
  timestamp = {Fri, 30 Nov 2018 12:24:24 +0100},
  biburl    = {https://dblp.org/rec/conf/pldi/SwamyWSCL13.bib},
  bibsource = {dblp computer science bibliography, https://dblp.org}
}

@proceedings{conf/ppdp/2012,
  editor    = {Schreye, Danny De and Janssens, Gerda and King, Andy},
  title     = {Principles and Practice of Declarative Programming, PPDP'12, Leuven, Belgium - September 19 - 21, 2012},
  publisher = {{ACM}},
  year      = {2012},
  url       = {http://dl.acm.org/citation.cfm?id=2370776},
  isbn      = {978-1-4503-1522-7},
  timestamp = {Sun, 11 Nov 2012 19:34:31 +0100},
  biburl    = {https://dblp.org/rec/conf/ppdp/2012.bib},
  bibsource = {dblp computer science bibliography, https://dblp.org}
}

@proceedings{conf/ppdp/2019,
  editor    = {Komendantskaya, Ekaterina},
  title     = {Proceedings of the 21st International Symposium on Principles and Practice of Programming Languages, {PPDP} 2019, Porto, Portugal, October 7-9, 2019},
  publisher = {{ACM}},
  year      = {2019},
  url       = {https://doi.org/10.1145/3354166},
  doi       = {10.1145/3354166},
  isbn      = {978-1-4503-7249-7},
  timestamp = {Thu, 26 Sep 2019 14:21:31 +0200},
  biburl    = {https://dblp.org/rec/conf/ppdp/2019.bib},
  bibsource = {dblp computer science bibliography, https://dblp.org}
}

@inproceedings{conf/ppdp/PlasmeijerLMAK12,
  author    = {Plasmeijer, Rinus and Lijnse, Bas and Michels, Steffen and Achten, Peter and Koopman, Pieter W. M.},
  title     = {Task-oriented programming in a pure functional language},
  booktitle = {Principles and Practice of Declarative Programming, PPDP'12, Leuven, Belgium - September 19 - 21, 2012},
  pages     = {195--206},
  year      = {2012},
  crossref  = {conf/ppdp/2012},
  url       = {https://doi.org/10.1145/2370776.2370801},
  doi       = {10.1145/2370776.2370801},
  timestamp = {Tue, 06 Nov 2018 16:57:25 +0100},
  biburl    = {https://dblp.org/rec/conf/ppdp/PlasmeijerLMAK12.bib},
  bibsource = {dblp computer science bibliography, https://dblp.org}
}

@inproceedings{conf/ppdp/SteenvoordenNK19,
  author    = {Steenvoorden, Tim and Naus, Nico and Klinik, Markus},
  title     = {TopHat: {A} formal foundation for task-oriented programming},
  booktitle = {Proceedings of the 21st International Symposium on Principles and Practice of Programming Languages, {PPDP} 2019, Porto, Portugal, October 7-9, 2019},
  pages     = {17:1--17:13},
  year      = {2019},
  crossref  = {conf/ppdp/2019},
  url       = {https://doi.org/10.1145/3354166.3354182},
  doi       = {10.1145/3354166.3354182},
  timestamp = {Thu, 26 Sep 2019 14:23:10 +0200},
  biburl    = {https://dblp.org/rec/conf/ppdp/SteenvoordenNK19.bib},
  bibsource = {dblp computer science bibliography, https://dblp.org}
}

@proceedings{conf/sfp/2014,
  editor    = {Hage, Jurriaan and McCarthy, Jay},
  title     = {Trends in Functional Programming - 15th International Symposium, {TFP} 2014, Soesterberg, The Netherlands, May 26-28, 2014. Revised Selected Papers},
  series    = {Lecture Notes in Computer Science},
  volume    = {8843},
  publisher = {Springer},
  year      = {2015},
  url       = {https://doi.org/10.1007/978-3-319-14675-1},
  doi       = {10.1007/978-3-319-14675-1},
  isbn      = {978-3-319-14674-4},
  timestamp = {Tue, 14 May 2019 10:00:44 +0200},
  biburl    = {https://dblp.org/rec/conf/sfp/2014.bib},
  bibsource = {dblp computer science bibliography, https://dblp.org}
}

@proceedings{conf/sfp/2016,
  editor    = {Horn, David Van and Hughes, John},
  title     = {Trends in Functional Programming - 17th International Conference, {TFP} 2016, College Park, MD, USA, June 8-10, 2016, Revised Selected Papers},
  series    = {Lecture Notes in Computer Science},
  volume    = {10447},
  publisher = {Springer},
  year      = {2019},
  url       = {https://doi.org/10.1007/978-3-030-14805-8},
  doi       = {10.1007/978-3-030-14805-8},
  isbn      = {978-3-030-14804-1},
  timestamp = {Tue, 14 May 2019 10:00:44 +0200},
  biburl    = {https://dblp.org/rec/conf/sfp/2016.bib},
  bibsource = {dblp computer science bibliography, https://dblp.org}
}

@inproceedings{conf/sfp/NausJ16,
  author    = {Naus, Nico and Jeuring, Johan},
  title     = {Building a Generic Feedback System for Rule-Based Problems},
  booktitle = {Trends in Functional Programming - 17th International Conference, {TFP} 2016, College Park, MD, USA, June 8-10, 2016, Revised Selected Papers},
  pages     = {172--191},
  year      = {2016},
  crossref  = {conf/sfp/2016},
  url       = {https://doi.org/10.1007/978-3-030-14805-8\_10},
  doi       = {10.1007/978-3-030-14805-8\_10},
  timestamp = {Tue, 14 May 2019 10:00:44 +0200},
  biburl    = {https://dblp.org/rec/conf/sfp/NausJ16.bib},
  bibsource = {dblp computer science bibliography, https://dblp.org}
}

@inproceedings{conf/sfp/StutterheimAP17,
  author    = {Stutterheim, Jurri{\"{e}}n and Achten, Peter and Plasmeijer, Rinus},
  title     = {Maintaining Separation of Concerns Through Task Oriented Software Development},
  booktitle = {Trends in Functional Programming - 18th International Symposium, {TFP} 2017, Canterbury, UK, June 19-21, 2017, Revised Selected Papers},
  pages     = {19--38},
  year      = {2017},
  crossref  = {conf/sfp/2017},
  url       = {https://doi.org/10.1007/978-3-319-89719-6\_2},
  doi       = {10.1007/978-3-319-89719-6\_2},
  timestamp = {Tue, 14 May 2019 10:00:44 +0200},
  biburl    = {https://dblp.org/rec/conf/sfp/StutterheimAP17.bib},
  bibsource = {dblp computer science bibliography, https://dblp.org}
}

@inproceedings{conf/sfp/StutterheimPA14,
  author    = {Stutterheim, Jurri{\"{e}}n and Plasmeijer, Rinus and Achten, Peter},
  title     = {Tonic: An Infrastructure to Graphically Represent the Definition and Behaviour of Tasks},
  booktitle = {Trends in Functional Programming - 15th International Symposium, {TFP} 2014, Soesterberg, The Netherlands, May 26-28, 2014. Revised Selected Papers},
  pages     = {122--141},
  year      = {2014},
  crossref  = {conf/sfp/2014},
  url       = {https://doi.org/10.1007/978-3-319-14675-1\_8},
  doi       = {10.1007/978-3-319-14675-1\_8},
  timestamp = {Tue, 14 May 2019 10:00:44 +0200},
  biburl    = {https://dblp.org/rec/conf/sfp/StutterheimPA14.bib},
  bibsource = {dblp computer science bibliography, https://dblp.org}
}

@inproceedings{conf/sigcse/PriceDL17,
  author    = {Price, Thomas W. and Dong, Yihuan and Lipovac, Dragan},
  title     = {iSnap: Towards Intelligent Tutoring in Novice Programming Environments},
  booktitle = {Proceedings of the 2017 {ACM} {SIGCSE} Technical Symposium on Computer Science Education, Seattle, WA, USA, March 8-11, 2017},
  pages     = {483--488},
  year      = {2017},
  crossref  = {conf/sigcse/2017},
  url       = {https://doi.org/10.1145/3017680.3017762},
  doi       = {10.1145/3017680.3017762},
  timestamp = {Fri, 27 Mar 2020 08:48:52 +0100},
  biburl    = {https://dblp.org/rec/conf/sigcse/PriceDL17.bib},
  bibsource = {dblp computer science bibliography, https://dblp.org}
}

@inproceedings{conf/tphol/Swierstra09,
  author    = {Swierstra, Wouter},
  title     = {A Hoare Logic for the State Monad},
  booktitle = {Theorem Proving in Higher Order Logics, 22nd International Conference, TPHOLs 2009, Munich, Germany, August 17-20, 2009. Proceedings},
  pages     = {440--451},
  year      = {2009},
  crossref  = {conf/tphol/2009},
  url       = {https://doi.org/10.1007/978-3-642-03359-9\_30},
  doi       = {10.1007/978-3-642-03359-9\_30},
  timestamp = {Tue, 14 May 2019 10:00:48 +0200},
  biburl    = {https://dblp.org/rec/conf/tphol/Swierstra09.bib},
  bibsource = {dblp computer science bibliography, https://dblp.org}
}

@inproceedings{conf/um/ChowYKC17,
  author    = {Chow, Sammi and Yacef, Kalina and Koprinska, Irena and Curran, James R.},
  title     = {Automated Data-Driven Hints for Computer Programming Students},
  booktitle = {Adjunct Publication of the 25th Conference on User Modeling, Adaptation and Personalization, {UMAP} 2017, Bratislava, Slovakia, July 09 - 12, 2017},
  pages     = {5--10},
  year      = {2017},
  crossref  = {conf/um/2017a},
  url       = {https://doi.org/10.1145/3099023.3099065},
  doi       = {10.1145/3099023.3099065},
  timestamp = {Wed, 25 Sep 2019 18:18:53 +0200},
  biburl    = {https://dblp.org/rec/conf/um/ChowYKC17.bib},
  bibsource = {dblp computer science bibliography, https://dblp.org}
}

@article{journals/access/XuZZCDG19,
  author    = {Xu, Rixin and Zeng, Qiang and Zhu, Liehuang and Chi, Haotian and Du, Xiaojiang and Guizani, Mohsen},
  title     = {Privacy Leakage in Smart Homes and Its Mitigation: {IFTTT} as a Case Study},
  journal   = {{IEEE} Access},
  volume    = {7},
  pages     = {63457--63471},
  year      = {2019},
  url       = {https://doi.org/10.1109/ACCESS.2019.2911202},
  doi       = {10.1109/ACCESS.2019.2911202},
  timestamp = {Fri, 05 Jul 2019 09:38:59 +0200},
  biburl    = {https://dblp.org/rec/journals/access/XuZZCDG19.bib},
  bibsource = {dblp computer science bibliography, https://dblp.org}
}

@article{journals/ai/Bylander94,
  author    = {Bylander, Tom},
  title     = {The Computational Complexity of Propositional {STRIPS} Planning},
  journal   = {Artif. Intell.},
  volume    = {69},
  number    = {1-2},
  pages     = {165--204},
  year      = {1994},
  url       = {https://doi.org/10.1016/0004-3702(94)90081-7},
  doi       = {10.1016/0004-3702(94)90081-7},
  timestamp = {Sat, 27 May 2017 14:24:41 +0200},
  biburl    = {https://dblp.org/rec/journals/ai/Bylander94.bib},
  bibsource = {dblp computer science bibliography, https://dblp.org}
}

@article{journals/ai/FikesN71,
  author    = {Fikes, Richard and Nilsson, Nils J.},
  title     = {{STRIPS:} {A} New Approach to the Application of Theorem Proving to Problem Solving},
  journal   = {Artif. Intell.},
  volume    = {2},
  number    = {3/4},
  pages     = {189--208},
  year      = {1971},
  url       = {https://doi.org/10.1016/0004-3702(71)90010-5},
  doi       = {10.1016/0004-3702(71)90010-5},
  timestamp = {Wed, 14 Nov 2018 10:50:00 +0100},
  biburl    = {https://dblp.org/rec/journals/ai/FikesN71.bib},
  bibsource = {dblp computer science bibliography, https://dblp.org}
}

@article{journals/ai/Gerevini20,
  author    = {Gerevini, Alfonso Emilio},
  title     = {An Introduction to the Planning Domain Definition Language {(PDDL):} Book review},
  journal   = {Artif. Intell.},
  volume    = {280},
  pages     = {103221},
  year      = {2020},
  url       = {https://doi.org/10.1016/j.artint.2019.103221},
  doi       = {10.1016/j.artint.2019.103221},
  timestamp = {Tue, 03 Mar 2020 09:40:05 +0100},
  biburl    = {https://dblp.org/rec/journals/ai/Gerevini20.bib},
  bibsource = {dblp computer science bibliography, https://dblp.org}
}

@article{journals/ai/KaelblingLC98,
  author    = {Kaelbling, Leslie Pack and Littman, Michael L. and Cassandra, Anthony R.},
  title     = {Planning and Acting in Partially Observable Stochastic Domains},
  journal   = {Artif. Intell.},
  volume    = {101},
  number    = {1-2},
  pages     = {99--134},
  year      = {1998},
  url       = {https://doi.org/10.1016/S0004-3702(98)00023-X},
  doi       = {10.1016/S0004-3702(98)00023-X},
  timestamp = {Wed, 14 Nov 2018 10:50:00 +0100},
  biburl    = {https://dblp.org/rec/journals/ai/KaelblingLC98.bib},
  bibsource = {dblp computer science bibliography, https://dblp.org}
}

@article{journals/aiedu/AlevenMSK09,
  author    = {Aleven, Vincent and McLaren, Bruce M. and Sewall, Jonathan and Koedinger, Kenneth R.},
  title     = {A New Paradigm for Intelligent Tutoring Systems: Example-Tracing Tutors},
  journal   = {I. J. Artificial Intelligence in Education},
  volume    = {19},
  number    = {2},
  pages     = {105--154},
  year      = {2009},
  url       = {http://content.iospress.com/articles/international-journal-of-artificial-intelligence-in-education/jai19-2-02},
  timestamp = {Mon, 18 May 2015 17:23:34 +0200},
  biburl    = {https://dblp.org/rec/journals/aiedu/AlevenMSK09.bib},
  bibsource = {dblp computer science bibliography, https://dblp.org}
}

@article{journals/aiedu/GerdesHJB17,
  author    = {Gerdes, Alex and Heeren, Bastiaan and Jeuring, Johan and van Binsbergen, L. Thomas},
  title     = {Ask-Elle: an Adaptable Programming Tutor for Haskell Giving Automated Feedback},
  journal   = {I. J. Artificial Intelligence in Education},
  volume    = {27},
  number    = {1},
  pages     = {65--100},
  year      = {2017},
  url       = {https://doi.org/10.1007/s40593-015-0080-x},
  doi       = {10.1007/s40593-015-0080-x},
  timestamp = {Mon, 16 Sep 2019 14:43:38 +0200},
  biburl    = {https://dblp.org/rec/journals/aiedu/GerdesHJB17.bib},
  bibsource = {dblp computer science bibliography, https://dblp.org}
}

@article{journals/aiedu/RiversK17,
  author    = {Rivers, Kelly and Koedinger, Kenneth R.},
  title     = {Data-Driven Hint Generation in Vast Solution Spaces: a Self-Improving Python Programming Tutor},
  journal   = {I. J. Artificial Intelligence in Education},
  volume    = {27},
  number    = {1},
  pages     = {37--64},
  year      = {2017},
  url       = {https://doi.org/10.1007/s40593-015-0070-z},
  doi       = {10.1007/s40593-015-0070-z},
  timestamp = {Thu, 28 Dec 2017 16:10:21 +0100},
  biburl    = {https://dblp.org/rec/journals/aiedu/RiversK17.bib},
  bibsource = {dblp computer science bibliography, https://dblp.org}
}

@article{journals/aiedu/StamperEBC13,
  author    = {Stamper, John C. and Eagle, Michael and Barnes, Tiffany and Croy, Marvin J.},
  title     = {Experimental Evaluation of Automatic Hint Generation for a Logic Tutor},
  journal   = {I. J. Artificial Intelligence in Education},
  volume    = {22},
  number    = {1-2},
  pages     = {3--17},
  year      = {2013},
  url       = {https://doi.org/10.3233/JAI-130029},
  doi       = {10.3233/JAI-130029},
  timestamp = {Sat, 19 Oct 2019 19:03:44 +0200},
  biburl    = {https://dblp.org/rec/journals/aiedu/StamperEBC13.bib},
  bibsource = {dblp computer science bibliography, https://dblp.org}
}

@article{journals/aiedu/VanLehnLSSSTTWW05,
  author    = {VanLehn, Kurt and Lynch, Collin and Schulze, Kay G. and Shapiro, Joel A. and Shelby, Robert and Taylor, Linwood and Treacy, Donald and Weinstein, Anders and Wintersgill, Mary},
  title     = {The Andes Physics Tutoring System: Lessons Learned},
  journal   = {I. J. Artificial Intelligence in Education},
  volume    = {15},
  number    = {3},
  pages     = {147--204},
  year      = {2005},
  url       = {http://content.iospress.com/articles/international-journal-of-artificial-intelligence-in-education/jai15-3-02},
  timestamp = {Mon, 18 May 2015 17:23:34 +0200},
  biburl    = {https://dblp.org/rec/journals/aiedu/VanLehnLSSSTTWW05.bib},
  bibsource = {dblp computer science bibliography, https://dblp.org}
}

@article{journals/cacm/Hoare09,
  author    = {Hoare, C. A. R.},
  title     = {Viewpoint - Retrospective: an axiomatic basis for computer programming},
  journal   = {Commun. {ACM}},
  volume    = {52},
  number    = {10},
  pages     = {30--32},
  year      = {2009},
  url       = {https://doi.org/10.1145/1562764.1562779},
  doi       = {10.1145/1562764.1562779},
  timestamp = {Wed, 14 Nov 2018 10:22:32 +0100},
  biburl    = {https://dblp.org/rec/journals/cacm/Hoare09.bib},
  bibsource = {dblp computer science bibliography, https://dblp.org}
}

@article{journals/cogsci/Weber96,
  author    = {Weber, Gerhard},
  title     = {Episodic Learner Modeling},
  journal   = {Cogn. Sci.},
  volume    = {20},
  number    = {2},
  pages     = {195--236},
  year      = {1996},
  url       = {https://doi.org/10.1207/s15516709cog2002\_2},
  doi       = {10.1207/s15516709cog2002\_2},
  timestamp = {Thu, 04 Jun 2020 19:37:07 +0200},
  biburl    = {https://dblp.org/rec/journals/cogsci/Weber96.bib},
  bibsource = {dblp computer science bibliography, https://dblp.org}
}

@article{journals/corr/abs-1904-12085,
  author        = {Streufert, Peter A.},
  title         = {The Category of Node-and-Choice Forms, with Subcategories for Choice-Sequence Forms and Choice-Set Forms},
  journal       = {CoRR},
  volume        = {abs/1904.12085},
  year          = {2019},
  url           = {http://arxiv.org/abs/1904.12085},
  archiveprefix = {arXiv},
  eprint        = {1904.12085},
  timestamp     = {Thu, 02 May 2019 15:13:44 +0200},
  biburl        = {https://dblp.org/rec/journals/corr/abs-1904-12085.bib},
  bibsource     = {dblp computer science bibliography, https://dblp.org}
}

@article{journals/corr/BabaeiNT13,
  author        = {Babaei, Ebrahim and Niapour, S. A. Kh. Mozaffari and Tabarraie, Mehrdad},
  title         = {Design of a non-linear power system stabiliser using the concept of the feedback linearisation based on the back-stepping technique},
  journal       = {CoRR},
  volume        = {abs/1308.5820},
  year          = {2013},
  url           = {http://arxiv.org/abs/1308.5820},
  archiveprefix = {arXiv},
  eprint        = {1308.5820},
  timestamp     = {Mon, 13 Aug 2018 16:48:28 +0200},
  biburl        = {https://dblp.org/rec/journals/corr/BabaeiNT13.bib},
  bibsource     = {dblp computer science bibliography, https://dblp.org}
}

@article{journals/dss/ShimWCPSC02,
  author    = {Shim, Jung P. and Warkentin, Merrill and Courtney, James F. and Power, Daniel J. and Sharda, Ramesh and Carlsson, Christer},
  title     = {Past, present, and future of decision support technology},
  journal   = {Decis. Support Syst.},
  volume    = {33},
  number    = {2},
  pages     = {111--126},
  year      = {2002},
  url       = {https://doi.org/10.1016/S0167-9236(01)00139-7},
  doi       = {10.1016/S0167-9236(01)00139-7},
  timestamp = {Thu, 20 Feb 2020 17:55:56 +0100},
  biburl    = {https://dblp.org/rec/journals/dss/ShimWCPSC02.bib},
  bibsource = {dblp computer science bibliography, https://dblp.org}
}

@article{journals/entcs/JaskelioffGH11,
  author    = {Jaskelioff, Mauro and Ghani, Neil and Hutton, Graham},
  title     = {Modularity and Implementation of Mathematical Operational Semantics},
  journal   = {Electron. Notes Theor. Comput. Sci.},
  volume    = {229},
  number    = {5},
  pages     = {75--95},
  year      = {2011},
  url       = {https://doi.org/10.1016/j.entcs.2011.02.017},
  doi       = {10.1016/j.entcs.2011.02.017},
  timestamp = {Mon, 24 Feb 2020 11:41:02 +0100},
  biburl    = {https://dblp.org/rec/journals/entcs/JaskelioffGH11.bib},
  bibsource = {dblp computer science bibliography, https://dblp.org}
}

@article{journals/envsoft/RosaMDFR04,
  author    = {de la Rosa, Diego and Mayol, Francisco and D{\'{\i}}az{-}Pereira, Elvira and Fernandez, Miguel and de la Rosa Jr., Diego},
  title     = {A land evaluation decision support system (MicroLEIS {DSS)} for agricultural soil protection: With special reference to the Mediterranean region},
  journal   = {Environ. Model. Softw.},
  volume    = {19},
  number    = {10},
  pages     = {929--942},
  year      = {2004},
  url       = {https://doi.org/10.1016/j.envsoft.2003.10.006},
  doi       = {10.1016/j.envsoft.2003.10.006},
  timestamp = {Wed, 19 Feb 2020 20:47:21 +0100},
  biburl    = {https://dblp.org/rec/journals/envsoft/RosaMDFR04.bib},
  bibsource = {dblp computer science bibliography, https://dblp.org}
}

@article{journals/infsof/LassenA09,
  author    = {Lassen, Kristian Bisgaard and van der Aalst, Wil M. P.},
  title     = {Complexity metrics for Workflow nets},
  journal   = {Inf. Softw. Technol.},
  volume    = {51},
  number    = {3},
  pages     = {610--626},
  year      = {2009},
  url       = {https://doi.org/10.1016/j.infsof.2008.08.005},
  doi       = {10.1016/j.infsof.2008.08.005},
  timestamp = {Thu, 20 Feb 2020 13:21:16 +0100},
  biburl    = {https://dblp.org/rec/journals/infsof/LassenA09.bib},
  bibsource = {dblp computer science bibliography, https://dblp.org}
}

@article{journals/is/AalstH05,
  author    = {van der Aalst, Wil M. P. and ter Hofstede, Arthur H. M.},
  title     = {{YAWL:} yet another workflow language},
  journal   = {Inf. Syst.},
  volume    = {30},
  number    = {4},
  pages     = {245--275},
  year      = {2005},
  url       = {https://doi.org/10.1016/j.is.2004.02.002},
  doi       = {10.1016/j.is.2004.02.002},
  timestamp = {Sat, 19 Oct 2019 19:17:49 +0200},
  biburl    = {https://dblp.org/rec/journals/is/AalstH05.bib},
  bibsource = {dblp computer science bibliography, https://dblp.org}
}

@article{journals/isr/BasuB00,
  author    = {Basu, Amit and Blanning, Robert W.},
  title     = {A Formal Approach to Workflow Analysis},
  journal   = {Inf. Syst. Res.},
  volume    = {11},
  number    = {1},
  pages     = {17--36},
  year      = {2000},
  url       = {https://doi.org/10.1287/isre.11.1.17.11787},
  doi       = {10.1287/isre.11.1.17.11787},
  timestamp = {Fri, 13 Mar 2020 14:34:45 +0100},
  biburl    = {https://dblp.org/rec/journals/isr/BasuB00.bib},
  bibsource = {dblp computer science bibliography, https://dblp.org}
}

@article{journals/jcmc/ErtmerRBCCCLM07,
  author    = {Ertmer, Peggy A. and Richardson, Jennifer C. and Belland, Brian R. and Camin, Denise and Connolly, Patrick and Coulthard, Glen and Lei, Kimfong and Mong, Christopher},
  title     = {Using Peer Feedback to Enhance the Quality of Student Online Postings: An Exploratory Study},
  journal   = {J. Computer-Mediated Communication},
  volume    = {12},
  number    = {2},
  pages     = {412--433},
  year      = {2007},
  url       = {https://doi.org/10.1111/j.1083-6101.2007.00331.x},
  doi       = {10.1111/j.1083-6101.2007.00331.x},
  timestamp = {Thu, 07 Nov 2019 09:04:25 +0100},
  biburl    = {https://dblp.org/rec/journals/jcmc/ErtmerRBCCCLM07.bib},
  bibsource = {dblp computer science bibliography, https://dblp.org}
}

@article{journals/jcsc/Aalst98,
  author    = {van der Aalst, Wil M. P.},
  title     = {The Application of Petri Nets to Workflow Management},
  journal   = {Journal of Circuits, Systems, and Computers},
  volume    = {8},
  number    = {1},
  pages     = {21--66},
  year      = {1998},
  url       = {https://doi.org/10.1142/S0218126698000043},
  doi       = {10.1142/S0218126698000043},
  timestamp = {Wed, 14 Nov 2018 10:41:13 +0100},
  biburl    = {https://dblp.org/rec/journals/jcsc/Aalst98.bib},
  bibsource = {dblp computer science bibliography, https://dblp.org}
}

@article{journals/jeric/KeuningJH19,
  author    = {Keuning, Hieke and Jeuring, Johan and Heeren, Bastiaan},
  title     = {A Systematic Literature Review of Automated Feedback Generation for Programming Exercises},
  journal   = {{ACM} Trans. Comput. Educ.},
  volume    = {19},
  number    = {1},
  pages     = {3:1--3:43},
  year      = {2019},
  url       = {https://doi.org/10.1145/3231711},
  doi       = {10.1145/3231711},
  timestamp = {Fri, 06 Mar 2020 21:56:44 +0100},
  biburl    = {https://dblp.org/rec/journals/jeric/KeuningJH19.bib},
  bibsource = {dblp computer science bibliography, https://dblp.org}
}

@article{journals/jeric/MaloneyRRSE10,
  author    = {Maloney, John and Resnick, Mitchel and Rusk, Natalie and Silverman, Brian and Eastmond, Evelyn},
  title     = {The Scratch Programming Language and Environment},
  journal   = {{ACM} Trans. Comput. Educ.},
  volume    = {10},
  number    = {4},
  pages     = {16:1--16:15},
  year      = {2010},
  url       = {https://doi.org/10.1145/1868358.1868363},
  doi       = {10.1145/1868358.1868363},
  timestamp = {Fri, 06 Mar 2020 21:56:39 +0100},
  biburl    = {https://dblp.org/rec/journals/jeric/MaloneyRRSE10.bib},
  bibsource = {dblp computer science bibliography, https://dblp.org}
}

@article{journals/jfp/NguyenTH17,
  author    = {Nguyen, Phuc C. and Tobin{-}Hochstadt, Sam and Horn, David Van},
  title     = {Higher order symbolic execution for contract verification and refutation},
  journal   = {J. Funct. Program.},
  volume    = {27},
  pages     = {e3},
  year      = {2017},
  url       = {https://doi.org/10.1017/S0956796816000216},
  doi       = {10.1017/S0956796816000216},
  timestamp = {Sat, 27 May 2017 14:24:34 +0200},
  biburl    = {https://dblp.org/rec/journals/jfp/NguyenTH17.bib},
  bibsource = {dblp computer science bibliography, https://dblp.org}
}

@article{journals/jfp/Thompson00,
  author    = {Thompson, Simon J.},
  title     = {A functional reactive animation of a lift using Fran},
  journal   = {J. Funct. Program.},
  volume    = {10},
  number    = {3},
  pages     = {245--268},
  year      = {2000},
  url       = {http://journals.cambridge.org/action/displayAbstract?aid=54523},
  timestamp = {Fri, 10 Jun 2011 14:42:13 +0200},
  biburl    = {https://dblp.org/rec/journals/jfp/Thompson00.bib},
  bibsource = {dblp computer science bibliography, https://dblp.org}
}

@article{journals/ker/Parsons94c,
  author    = {Parsons, Simon},
  title     = {\emph{Textbooks for artificial intelligence Essentials of artificial intelligence} by Matt Ginsburg, Morgan Kaufmann, 1993, {\textsterling}26.50, pp 430, {ISBN} 1-55860-221-6\emph{Formal concepts in artificial intelligence - fundamentals} by Rajjan Shinghal, Chapman {\\&} Hall, 1992, {\textsterling}19.95, pp 666, {ISBN} 0-412-40790-6\emph{Artificial intelligence - structures and strategies for complex problem solving} by George F. Luger and William A. Stubblefield, Benjamin/Cummings, 1993, pp 740, {ISBN} 0-8053-4780-1\emph{Knowledge engineering, Volume 1, Fundamentals} edited by Hojjat Adeli, McGraw Hill, 1990, {\textsterling}21.95, pp 345, {ISBN} 0-07-000355-6\emph{Knowledge engineering, Volume 2, Applications} edited by Hojjat Adeli, McGraw Hill, 1990, {\textsterling}31.95, pp 352, {ISBN} 0-07-000355-7},
  journal   = {Knowledge Eng. Review},
  volume    = {9},
  number    = {2},
  pages     = {208--211},
  year      = {1994},
  url       = {https://doi.org/10.1017/S0269888900006858},
  doi       = {10.1017/S0269888900006858},
  timestamp = {Sun, 28 May 2017 13:23:12 +0200},
  biburl    = {https://dblp.org/rec/journals/ker/Parsons94c.bib},
  bibsource = {dblp computer science bibliography, https://dblp.org}
}

@article{journals/lht/Symonds11,
  author    = {Symonds, Emily},
  title     = {A practical application of SurveyMonkey as a remote usability-testing tool},
  journal   = {Libr. Hi Tech},
  volume    = {29},
  number    = {3},
  pages     = {436--445},
  year      = {2011},
  url       = {https://doi.org/10.1108/07378831111174404},
  doi       = {10.1108/07378831111174404},
  timestamp = {Wed, 13 May 2020 18:01:03 +0200},
  biburl    = {https://dblp.org/rec/journals/lht/Symonds11.bib},
  bibsource = {dblp computer science bibliography, https://dblp.org}
}

@article{journals/mics/HeerenJG10,
  author    = {Heeren, Bastiaan and Jeuring, Johan and Gerdes, Alex},
  title     = {Specifying Rewrite Strategies for Interactive Exercises},
  journal   = {Mathematics in Computer Science},
  volume    = {3},
  number    = {3},
  pages     = {349--370},
  year      = {2010},
  url       = {https://doi.org/10.1007/s11786-010-0027-4},
  doi       = {10.1007/s11786-010-0027-4},
  timestamp = {Fri, 26 May 2017 22:54:59 +0200},
  biburl    = {https://dblp.org/rec/journals/mics/HeerenJG10.bib},
  bibsource = {dblp computer science bibliography, https://dblp.org}
}

@article{journals/pacmpl/ChangKT18,
  author    = {Chang, Stephen and Knauth, Alex and Torlak, Emina},
  title     = {Symbolic types for lenient symbolic execution},
  journal   = {Proc. {ACM} Program. Lang.},
  volume    = {2},
  number    = {{POPL}},
  pages     = {40:1--40:29},
  year      = {2018},
  url       = {https://doi.org/10.1145/3158128},
  doi       = {10.1145/3158128},
  timestamp = {Thu, 16 Apr 2020 13:51:48 +0200},
  biburl    = {https://dblp.org/rec/journals/pacmpl/ChangKT18.bib},
  bibsource = {dblp computer science bibliography, https://dblp.org}
}

@article{journals/scp/BerryG92,
  author    = {Berry, G{\'{e}}rard and Gonthier, Georges},
  title     = {The Esterel Synchronous Programming Language: Design, Semantics, Implementation},
  journal   = {Sci. Comput. Program.},
  volume    = {19},
  number    = {2},
  pages     = {87--152},
  year      = {1992},
  url       = {https://doi.org/10.1016/0167-6423(92)90005-V},
  doi       = {10.1016/0167-6423(92)90005-V},
  timestamp = {Wed, 14 Nov 2018 10:21:26 +0100},
  biburl    = {https://dblp.org/rec/journals/scp/BerryG92.bib},
  bibsource = {dblp computer science bibliography, https://dblp.org}
}

@article{journals/scp/GiantsiosPS17,
  author    = {Giantsios, Aggelos and Papaspyrou, Nikolaos and Sagonas, Konstantinos},
  title     = {Concolic testing for functional languages},
  journal   = {Sci. Comput. Program.},
  volume    = {147},
  pages     = {109--134},
  year      = {2017},
  url       = {https://doi.org/10.1016/j.scico.2017.04.008},
  doi       = {10.1016/j.scico.2017.04.008},
  timestamp = {Wed, 25 Sep 2019 17:47:46 +0200},
  biburl    = {https://dblp.org/rec/journals/scp/GiantsiosPS17.bib},
  bibsource = {dblp computer science bibliography, https://dblp.org}
}

@article{journals/scp/HeerenJ14,
  author    = {Heeren, Bastiaan and Jeuring, Johan},
  title     = {Feedback services for stepwise exercises},
  journal   = {Sci. Comput. Program.},
  volume    = {88},
  pages     = {110--129},
  year      = {2014},
  url       = {https://doi.org/10.1016/j.scico.2014.02.021},
  doi       = {10.1016/j.scico.2014.02.021},
  timestamp = {Sat, 27 May 2017 14:22:54 +0200},
  biburl    = {https://dblp.org/rec/journals/scp/HeerenJ14.bib},
  bibsource = {dblp computer science bibliography, https://dblp.org}
}

@article{journals/sigplan/FindlerF13,
  author    = {Findler, Robert Bruce and Felleisen, Matthias},
  title     = {{ICFP} 2002: Contracts for higher-order functions},
  journal   = {{ACM} {SIGPLAN} Notices},
  volume    = {48},
  number    = {4S},
  pages     = {34--45},
  year      = {2013},
  url       = {https://doi.org/10.1145/2502508.2502521},
  doi       = {10.1145/2502508.2502521},
  timestamp = {Tue, 26 May 2020 08:50:42 +0200},
  biburl    = {https://dblp.org/rec/journals/sigplan/FindlerF13.bib},
  bibsource = {dblp computer science bibliography, https://dblp.org}
}

@article{journals/stvr/SouzaSBSZ15,
  author    = {Souza, Simone R. S. and Souza, Paulo S. L. and Brito, Maria A. S. and da Silva Sim{\\textasciitilde {a}}o, Adenilso and Zaluska, Ed},
  title     = {Empirical evaluation of a new composite approach to the coverage criteria and reachability testing of concurrent programs},
  journal   = {Softw. Test. Verification Reliab.},
  volume    = {25},
  number    = {3},
  pages     = {310--332},
  year      = {2015},
  url       = {https://doi.org/10.1002/stvr.1568},
  doi       = {10.1002/stvr.1568},
  timestamp = {Mon, 15 Jun 2020 16:50:26 +0200},
  biburl    = {https://dblp.org/rec/journals/stvr/SouzaSBSZ15.bib},
  bibsource = {dblp computer science bibliography, https://dblp.org}
}

@book{books/wi/Dumas2005,
  editor    = {Dumas, Marlon and van der Aalst, Wil M. P. and ter Hofstede, Arthur H. M.},
  title     = {Process-Aware Information Systems: Bridging People and Software Through Process Technology},
  publisher = {Wiley},
  year      = {2005},
  url       = {https://doi.org/10.1002/0471741442},
  doi       = {10.1002/0471741442},
  isbn      = {978-0-471-66306-5},
  timestamp = {Sat, 19 Oct 2019 19:02:47 +0200},
  biburl    = {https://dblp.org/rec/books/wi/Dumas2005.bib},
  bibsource = {dblp computer science bibliography, https://dblp.org}
}

@proceedings{conf/aied/2017,
  editor    = {Andr{\'{e}}, Elisabeth and Baker, Ryan S. and Hu, Xiangen and Rodrigo, Ma. Mercedes T. and du Boulay, Benedict},
  title     = {Artificial Intelligence in Education - 18th International Conference, {AIED} 2017, Wuhan, China, June 28 - July 1, 2017, Proceedings},
  series    = {Lecture Notes in Computer Science},
  volume    = {10331},
  publisher = {Springer},
  year      = {2017},
  url       = {https://doi.org/10.1007/978-3-319-61425-0},
  doi       = {10.1007/978-3-319-61425-0},
  isbn      = {978-3-319-61424-3},
  timestamp = {Tue, 14 May 2019 10:00:54 +0200},
  biburl    = {https://dblp.org/rec/conf/aied/2017.bib},
  bibsource = {dblp computer science bibliography, https://dblp.org}
}

@proceedings{conf/asplos/2014,
  editor    = {Balasubramonian, Rajeev and Davis, Al and Adve, Sarita V.},
  title     = {Architectural Support for Programming Languages and Operating Systems, {ASPLOS} '14, Salt Lake City, UT, USA, March 1-5, 2014},
  publisher = {{ACM}},
  year      = {2014},
  url       = {http://dl.acm.org/citation.cfm?id=2541940},
  isbn      = {978-1-4503-2305-5},
  timestamp = {Wed, 05 Mar 2014 20:33:53 +0100},
  biburl    = {https://dblp.org/rec/conf/asplos/2014.bib},
  bibsource = {dblp computer science bibliography, https://dblp.org}
}

@proceedings{conf/birthday/2019denicola,
  editor    = {Boreale, Michele and Corradini, Flavio and Loreti, Michele and Pugliese, Rosario},
  title     = {Models, Languages, and Tools for Concurrent and Distributed Programming - Essays Dedicated to Rocco De Nicola on the Occasion of His 65th Birthday},
  series    = {Lecture Notes in Computer Science},
  volume    = {11665},
  publisher = {Springer},
  year      = {2019},
  url       = {https://doi.org/10.1007/978-3-030-21485-2},
  doi       = {10.1007/978-3-030-21485-2},
  isbn      = {978-3-030-21484-5},
  timestamp = {Thu, 04 Jul 2019 14:12:17 +0200},
  biburl    = {https://dblp.org/rec/conf/birthday/2019denicola.bib},
  bibsource = {dblp computer science bibliography, https://dblp.org}
}

@proceedings{conf/birthday/2004csp,
  editor    = {Abdallah, Ali E. and Jones, Cliff B. and Sanders, Jeff W.},
  title     = {Communicating Sequential Processes: The First 25 Years, Symposium on the Occasion of 25 Years of CSP, London, UK, July 7-8, 2004, Revised Invited Papers},
  series    = {Lecture Notes in Computer Science},
  volume    = {3525},
  publisher = {Springer},
  year      = {2005},
  url       = {https://doi.org/10.1007/b136154},
  doi       = {10.1007/b136154},
  isbn      = {3-540-25813-2},
  timestamp = {Tue, 14 May 2019 10:00:52 +0200},
  biburl    = {https://dblp.org/rec/conf/birthday/2004csp.bib},
  bibsource = {dblp computer science bibliography, https://dblp.org}
}

@proceedings{conf/cav/2012,
  editor    = {Madhusudan, P. and Seshia, Sanjit A.},
  title     = {Computer Aided Verification - 24th International Conference, {CAV} 2012, Berkeley, CA, USA, July 7-13, 2012 Proceedings},
  series    = {Lecture Notes in Computer Science},
  volume    = {7358},
  publisher = {Springer},
  year      = {2012},
  url       = {https://doi.org/10.1007/978-3-642-31424-7},
  doi       = {10.1007/978-3-642-31424-7},
  isbn      = {978-3-642-31423-0},
  timestamp = {Tue, 14 May 2019 10:00:43 +0200},
  biburl    = {https://dblp.org/rec/conf/cav/2012.bib},
  bibsource = {dblp computer science bibliography, https://dblp.org}
}

@proceedings{conf/cefp/2011,
  editor    = {Zs{\'{o}}k, Vikt{\'{o}}ria and Horv{\'{a}}th, Zolt{\'{a}}n and Plasmeijer, Rinus},
  title     = {Central European Functional Programming School - 4th Summer School, {CEFP} 2011, Budapest, Hungary, June 14-24, 2011, Revised Selected Papers},
  series    = {Lecture Notes in Computer Science},
  volume    = {7241},
  publisher = {Springer},
  year      = {2012},
  url       = {https://doi.org/10.1007/978-3-642-32096-5},
  doi       = {10.1007/978-3-642-32096-5},
  isbn      = {978-3-642-32095-8},
  timestamp = {Tue, 14 May 2019 10:00:42 +0200},
  biburl    = {https://dblp.org/rec/conf/cefp/2011.bib},
  bibsource = {dblp computer science bibliography, https://dblp.org}
}

@proceedings{conf/cefp/2015,
  editor    = {Zs{\'{o}}k, Vikt{\'{o}}ria and Porkol{\'{a}}b, Zolt{\'{a}}n and Horv{\'{a}}th, Zolt{\'{a}}n},
  title     = {Central European Functional Programming School - 6th Summer School, {CEFP} 2015, Budapest, Hungary, July 6-10, 2015, Revised Selected Papers},
  series    = {Lecture Notes in Computer Science},
  volume    = {10094},
  publisher = {Springer},
  year      = {2019},
  url       = {https://doi.org/10.1007/978-3-030-28346-9},
  doi       = {10.1007/978-3-030-28346-9},
  isbn      = {978-3-030-28345-2},
  timestamp = {Wed, 14 Aug 2019 10:51:50 +0200},
  biburl    = {https://dblp.org/rec/conf/cefp/2015.bib},
  bibsource = {dblp computer science bibliography, https://dblp.org}
}

@proceedings{conf/cgo/2018rwdsl,
  title     = {Proceedings of the Real World Domain Specific Languages Workshop, RWDSL@CGO 2018, Vienna, Austria, February 24-24, 2018},
  publisher = {{ACM}},
  year      = {2018},
  url       = {http://dl.acm.org/citation.cfm?id=3183895},
  timestamp = {Fri, 05 Apr 2019 11:12:22 +0200},
  biburl    = {https://dblp.org/rec/conf/cgo/2018rwdsl.bib},
  bibsource = {dblp computer science bibliography, https://dblp.org}
}

@proceedings{conf/cig/2014,
  title     = {2014 {IEEE} Conference on Computational Intelligence and Games, {CIG} 2014, Dortmund, Germany, August 26-29, 2014},
  publisher = {{IEEE}},
  year      = {2014},
  url       = {https://ieeexplore.ieee.org/xpl/conhome/6919811/proceeding},
  isbn      = {978-1-4799-3546-8},
  timestamp = {Wed, 16 Oct 2019 14:14:56 +0200},
  biburl    = {https://dblp.org/rec/conf/cig/2014.bib},
  bibsource = {dblp computer science bibliography, https://dblp.org}
}

@proceedings{conf/date/2008,
  editor    = {Sciuto, Donatella},
  title     = {Design, Automation and Test in Europe, {DATE} 2008, Munich, Germany, March 10-14, 2008},
  publisher = {{ACM}},
  year      = {2008},
  url       = {https://doi.org/10.1145/1403375},
  doi       = {10.1145/1403375},
  isbn      = {978-3-9810801-3-1},
  timestamp = {Wed, 16 Oct 2019 14:14:53 +0200},
  biburl    = {https://dblp.org/rec/conf/date/2008.bib},
  bibsource = {dblp computer science bibliography, https://dblp.org}
}

@proceedings{conf/ecoopw/1993,
  editor    = {Guerraoui, Rachid and Nierstrasz, Oscar and Riveill, Michel},
  title     = {Object-Based Distributed Programming, {ECOOP} '93 Workshop, Kaiserslautern, Germany, July 26-27, 1993},
  series    = {Lecture Notes in Computer Science},
  volume    = {791},
  publisher = {Springer},
  year      = {1994},
  url       = {https://doi.org/10.1007/BFb0017530},
  doi       = {10.1007/BFb0017530},
  isbn      = {3-540-57932-X},
  timestamp = {Tue, 14 May 2019 10:00:54 +0200},
  biburl    = {https://dblp.org/rec/conf/ecoopw/1993.bib},
  bibsource = {dblp computer science bibliography, https://dblp.org}
}

@proceedings{conf/ectel/2012,
  editor    = {Ravenscroft, Andrew and Lindstaedt, Stefanie N. and Kloos, Carlos Delgado and {Hern{\'{a}}ndez Leo}, Davinia},
  title     = {21st Century Learning for 21st Century Skills - 7th European Conference of Technology Enhanced Learning, {EC-TEL} 2012, Saarbr{\"{u}}cken, Germany, September 18-21, 2012. Proceedings},
  series    = {Lecture Notes in Computer Science},
  volume    = {7563},
  publisher = {Springer},
  year      = {2012},
  url       = {https://doi.org/10.1007/978-3-642-33263-0},
  doi       = {10.1007/978-3-642-33263-0},
  isbn      = {978-3-642-33262-3},
  timestamp = {Tue, 14 May 2019 10:00:47 +0200},
  biburl    = {https://dblp.org/rec/conf/ectel/2012.bib},
  bibsource = {dblp computer science bibliography, https://dblp.org}
}

@proceedings{conf/edm/2014,
  editor    = {Stamper, John C. and Pardos, Zachary A. and Mavrikis, Manolis and McLaren, Bruce M.},
  title     = {Proceedings of the 7th International Conference on Educational Data Mining, {EDM} 2014, London, UK, July 4-7, 2014},
  publisher = {International Educational Data Mining Society {(IEDMS)}},
  year      = {2014},
  url       = {http://www.educationaldatamining.org/EDM2014/index.php?page=proceedings},
  isbn      = {978-0-9839-5254-1},
  timestamp = {Fri, 22 Jul 2016 13:02:50 +0200},
  biburl    = {https://dblp.org/rec/conf/edm/2014.bib},
  bibsource = {dblp computer science bibliography, https://dblp.org}
}

@proceedings{conf/edm/2016,
  editor    = {Barnes, Tiffany and Chi, Min and Feng, Mingyu},
  title     = {Proceedings of the 9th International Conference on Educational Data Mining, {EDM} 2016, Raleigh, North Carolina, USA, June 29 - July 2, 2016},
  publisher = {International Educational Data Mining Society {(IEDMS)}},
  year      = {2016},
  url       = {http://educationaldatamining.org/EDM2016/proceedings.html},
  timestamp = {Tue, 09 Aug 2016 14:13:43 +0200},
  biburl    = {https://dblp.org/rec/conf/edm/2016.bib},
  bibsource = {dblp computer science bibliography, https://dblp.org}
}

@proceedings{conf/esop/1996,
  editor    = {Nielson, Hanne Riis},
  title     = {Programming Languages and Systems - ESOP'96, 6th European Symposium on Programming, Link{\"{o}}ping, Sweden, April 22-24, 1996, Proceedings},
  series    = {Lecture Notes in Computer Science},
  volume    = {1058},
  publisher = {Springer},
  year      = {1996},
  url       = {https://doi.org/10.1007/3-540-61055-3},
  doi       = {10.1007/3-540-61055-3},
  isbn      = {3-540-61055-3},
  timestamp = {Tue, 14 May 2019 10:00:41 +0200},
  biburl    = {https://dblp.org/rec/conf/esop/1996.bib},
  bibsource = {dblp computer science bibliography, https://dblp.org}
}

@proceedings{conf/europlop/2019,
  editor    = {Sousa, Tiago Boldt},
  title     = {Proceedings of the 24th European Conference on Pattern Languages of Programs, EuroPLoP 2019, Irsee, Germany, July 3-7, 2019},
  publisher = {{ACM}},
  year      = {2019},
  url       = {https://doi.org/10.1145/3361149},
  doi       = {10.1145/3361149},
  isbn      = {978-1-4503-6206-1},
  timestamp = {Mon, 09 Dec 2019 14:00:12 +0100},
  biburl    = {https://dblp.org/rec/conf/europlop/2019.bib},
  bibsource = {dblp computer science bibliography, https://dblp.org}
}

@proceedings{conf/fase/2012,
  editor    = {de Lara, Juan and Zisman, Andrea},
  title     = {Fundamental Approaches to Software Engineering - 15th International Conference, {FASE} 2012, Held as Part of the European Joint Conferences on Theory and Practice of Software, {ETAPS} 2012, Tallinn, Estonia, March 24 - April 1, 2012. Proceedings},
  series    = {Lecture Notes in Computer Science},
  volume    = {7212},
  publisher = {Springer},
  year      = {2012},
  url       = {https://doi.org/10.1007/978-3-642-28872-2},
  doi       = {10.1007/978-3-642-28872-2},
  isbn      = {978-3-642-28871-5},
  timestamp = {Tue, 14 May 2019 10:00:54 +0200},
  biburl    = {https://dblp.org/rec/conf/fase/2012.bib},
  bibsource = {dblp computer science bibliography, https://dblp.org}
}

@proceedings{conf/haskell/2010,
  editor    = {Gibbons, Jeremy},
  title     = {Proceedings of the 3rd {ACM} {SIGPLAN} Symposium on Haskell, Haskell 2010, Baltimore, MD, USA, 30 September 2010},
  publisher = {{ACM}},
  year      = {2010},
  isbn      = {978-1-4503-0252-4},
  timestamp = {Fri, 13 Jan 2012 14:18:31 +0100},
  biburl    = {https://dblp.org/rec/conf/haskell/2010.bib},
  bibsource = {dblp computer science bibliography, https://dblp.org}
}

@proceedings{conf/icdcit/2014,
  editor    = {Natarajan, Raja},
  title     = {Distributed Computing and Internet Technology - 10th International Conference, {ICDCIT} 2014, Bhubaneswar, India, February 6-9, 2014. Proceedings},
  series    = {Lecture Notes in Computer Science},
  volume    = {8337},
  publisher = {Springer},
  year      = {2014},
  url       = {https://doi.org/10.1007/978-3-319-04483-5},
  doi       = {10.1007/978-3-319-04483-5},
  isbn      = {978-3-319-04482-8},
  timestamp = {Tue, 14 May 2019 10:00:46 +0200},
  biburl    = {https://dblp.org/rec/conf/icdcit/2014.bib},
  bibsource = {dblp computer science bibliography, https://dblp.org}
}

@proceedings{conf/icfp/2014wgp,
  editor    = {Magalh{\\textasciitilde {a}}es, Jos{\'{e}} Pedro and Rompf, Tiark},
  title     = {Proceedings of the 10th {ACM} {SIGPLAN} workshop on Generic programming, {WGP} 2014, Gothenburg, Sweden, August 31, 2014},
  publisher = {{ACM}},
  year      = {2014},
  url       = {https://doi.org/10.1145/2633628},
  doi       = {10.1145/2633628},
  isbn      = {978-1-4503-3042-8},
  timestamp = {Tue, 06 Nov 2018 16:59:24 +0100},
  biburl    = {https://dblp.org/rec/conf/icfp/2014wgp.bib},
  bibsource = {dblp computer science bibliography, https://dblp.org}
}

@proceedings{conf/icfp/2006,
  editor    = {Reppy, John H. and Lawall, Julia L.},
  title     = {Proceedings of the 11th {ACM} {SIGPLAN} International Conference on Functional Programming, {ICFP} 2006, Portland, Oregon, USA, September 16-21, 2006},
  publisher = {{ACM}},
  year      = {2006},
  isbn      = {1-59593-309-3},
  timestamp = {Wed, 27 Sep 2006 15:55:23 +0200},
  biburl    = {https://dblp.org/rec/conf/icfp/2006.bib},
  bibsource = {dblp computer science bibliography, https://dblp.org}
}

@proceedings{conf/icfp/2008,
  editor    = {Hook, James and Thiemann, Peter},
  title     = {Proceeding of the 13th {ACM} {SIGPLAN} international conference on Functional programming, {ICFP} 2008, Victoria, BC, Canada, September 20-28, 2008},
  publisher = {{ACM}},
  year      = {2008},
  isbn      = {978-1-59593-919-7},
  timestamp = {Mon, 23 Mar 2020 12:22:51 +0100},
  biburl    = {https://dblp.org/rec/conf/icfp/2008.bib},
  bibsource = {dblp computer science bibliography, https://dblp.org}
}

@proceedings{conf/icfp/1998,
  editor    = {Felleisen, Matthias and Hudak, Paul and Queinnec, Christian},
  title     = {Proceedings of the third {ACM} {SIGPLAN} International Conference on Functional Programming {(ICFP} '98), Baltimore, Maryland, USA, September 27-29, 1998},
  publisher = {{ACM}},
  year      = {1998},
  isbn      = {1-58113-024-4},
  timestamp = {Tue, 19 Nov 2013 18:10:37 +0100},
  biburl    = {https://dblp.org/rec/conf/icfp/1998.bib},
  bibsource = {dblp computer science bibliography, https://dblp.org}
}

@proceedings{conf/ifl/2017,
  editor    = {Wu, Nicolas},
  title     = {Proceedings of the 29th Symposium on Implementation and Application of Functional Programming Languages, {IFL} 2017, Bristol, UK, August 30 - September 01, 2017},
  publisher = {{ACM}},
  year      = {2017},
  url       = {https://doi.org/10.1145/3205368},
  doi       = {10.1145/3205368},
  timestamp = {Wed, 21 Nov 2018 12:43:56 +0100},
  biburl    = {https://dblp.org/rec/conf/ifl/2017.bib},
  bibsource = {dblp computer science bibliography, https://dblp.org}
}

@proceedings{conf/ifl/2008,
  editor    = {Scholz, Sven{-}Bodo and Chitil, Olaf},
  title     = {Implementation and Application of Functional Languages - 20th International Symposium, {IFL} 2008, Hatfield, UK, September 10-12, 2008. Revised Selected Papers},
  series    = {Lecture Notes in Computer Science},
  volume    = {5836},
  publisher = {Springer},
  year      = {2011},
  url       = {https://doi.org/10.1007/978-3-642-24452-0},
  doi       = {10.1007/978-3-642-24452-0},
  isbn      = {978-3-642-24451-3},
  timestamp = {Tue, 14 May 2019 10:00:35 +0200},
  biburl    = {https://dblp.org/rec/conf/ifl/2008.bib},
  bibsource = {dblp computer science bibliography, https://dblp.org}
}

@proceedings{conf/ijcai/1969,
  editor    = {Walker, Donald E. and Norton, Lewis M.},
  title     = {Proceedings of the 1st International Joint Conference on Artificial Intelligence, Washington, DC, USA, May 7-9, 1969},
  publisher = {William Kaufmann},
  year      = {1969},
  url       = {http://ijcai.org/proceedings/1969},
  isbn      = {0-934613-21-4},
  timestamp = {Tue, 20 Aug 2019 16:16:44 +0200},
  biburl    = {https://dblp.org/rec/conf/ijcai/1969.bib},
  bibsource = {dblp computer science bibliography, https://dblp.org}
}

@proceedings{conf/ijcai/1993,
  editor    = {Bajcsy, Ruzena},
  title     = {Proceedings of the 13th International Joint Conference on Artificial Intelligence. Chamb{\'{e}}ry, France, August 28 - September 3, 1993},
  publisher = {Morgan Kaufmann},
  year      = {1993},
  url       = {http://ijcai.org/proceedings/1993-1},
  isbn      = {1-55860-300-X},
  timestamp = {Tue, 20 Aug 2019 16:18:33 +0200},
  biburl    = {https://dblp.org/rec/conf/ijcai/1993.bib},
  bibsource = {dblp computer science bibliography, https://dblp.org}
}

@proceedings{conf/ijcai/1985,
  editor    = {Joshi, Aravind K.},
  title     = {Proceedings of the 9th International Joint Conference on Artificial Intelligence. Los Angeles, CA, USA, August 1985},
  publisher = {Morgan Kaufmann},
  year      = {1985},
  url       = {http://ijcai.org/proceedings/1985-1},
  timestamp = {Tue, 20 Aug 2019 16:19:04 +0200},
  biburl    = {https://dblp.org/rec/conf/ijcai/1985.bib},
  bibsource = {dblp computer science bibliography, https://dblp.org}
}

@proceedings{conf/ijcnn/2013,
  title     = {The 2013 International Joint Conference on Neural Networks, {IJCNN} 2013, Dallas, TX, USA, August 4-9, 2013},
  publisher = {{IEEE}},
  year      = {2013},
  url       = {https://ieeexplore.ieee.org/xpl/conhome/6691896/proceeding},
  isbn      = {978-1-4673-6128-6},
  timestamp = {Wed, 16 Oct 2019 14:14:55 +0200},
  biburl    = {https://dblp.org/rec/conf/ijcnn/2013.bib},
  bibsource = {dblp computer science bibliography, https://dblp.org}
}

@proceedings{conf/iticse/2012,
  editor    = {Lapidot, Tami and Gal{-}Ezer, Judith and Caspersen, Michael E. and Hazzan, Orit},
  title     = {Annual Conference on Innovation and Technology in Computer Science Education, ITiCSE '12, Haifa, Israel, July 3-5, 2012},
  publisher = {{ACM}},
  year      = {2012},
  url       = {http://dl.acm.org/citation.cfm?id=2325296},
  isbn      = {978-1-4503-1246-2},
  timestamp = {Mon, 09 Jul 2012 08:25:32 +0200},
  biburl    = {https://dblp.org/rec/conf/iticse/2012.bib},
  bibsource = {dblp computer science bibliography, https://dblp.org}
}

@proceedings{conf/iticse/2016,
  editor    = {Clear, Alison and Cuadros{-}Vargas, Ernesto and Carter, Janet and T{\'{u}}pac, Yv{\'{a}}n},
  title     = {Proceedings of the 2016 {ACM} Conference on Innovation and Technology in Computer Science Education, ITiCSE 2016, Arequipa, Peru, July 9-13, 2016},
  publisher = {{ACM}},
  year      = {2016},
  url       = {https://doi.org/10.1145/2899415},
  doi       = {10.1145/2899415},
  isbn      = {978-1-4503-4231-5},
  timestamp = {Tue, 06 Nov 2018 11:07:10 +0100},
  biburl    = {https://dblp.org/rec/conf/iticse/2016.bib},
  bibsource = {dblp computer science bibliography, https://dblp.org}
}

@proceedings{conf/its/2008,
  editor    = {Woolf, Beverly Park and A{\"{\i}}meur, Esma and Nkambou, Roger and Lajoie, Susanne P.},
  title     = {Intelligent Tutoring Systems, 9th International Conference, {ITS} 2008, Montreal, Canada, June 23-27, 2008, Proceedings},
  series    = {Lecture Notes in Computer Science},
  volume    = {5091},
  publisher = {Springer},
  year      = {2008},
  url       = {https://doi.org/10.1007/978-3-540-69132-7},
  doi       = {10.1007/978-3-540-69132-7},
  isbn      = {978-3-540-69130-3},
  timestamp = {Tue, 14 May 2019 10:00:48 +0200},
  biburl    = {https://dblp.org/rec/conf/its/2008.bib},
  bibsource = {dblp computer science bibliography, https://dblp.org}
}

@proceedings{conf/its/1996,
  editor    = {Frasson, Claude and Gauthier, Gilles and Lesgold, Alan M.},
  title     = {Intelligent Tutoring Systems, Third International Conference, {ITS} '96, Montr{\'{e}}al, Canada, June 12-14, 1996, Proceedings},
  series    = {Lecture Notes in Computer Science},
  volume    = {1086},
  publisher = {Springer},
  year      = {1996},
  url       = {https://doi.org/10.1007/3-540-61327-7},
  doi       = {10.1007/3-540-61327-7},
  isbn      = {3-540-61327-7},
  timestamp = {Tue, 14 May 2019 10:00:48 +0200},
  biburl    = {https://dblp.org/rec/conf/its/1996.bib},
  bibsource = {dblp computer science bibliography, https://dblp.org}
}

@proceedings{conf/its/2014,
  editor    = {Trausan{-}Matu, Stefan and Boyer, Kristy Elizabeth and Crosby, Martha E. and Panourgia, Kitty},
  title     = {Intelligent Tutoring Systems - 12th International Conference, {ITS} 2014, Honolulu, HI, USA, June 5-9, 2014. Proceedings},
  series    = {Lecture Notes in Computer Science},
  volume    = {8474},
  publisher = {Springer},
  year      = {2014},
  url       = {https://doi.org/10.1007/978-3-319-07221-0},
  doi       = {10.1007/978-3-319-07221-0},
  isbn      = {978-3-319-07220-3},
  timestamp = {Wed, 25 Sep 2019 18:06:32 +0200},
  biburl    = {https://dblp.org/rec/conf/its/2014.bib},
  bibsource = {dblp computer science bibliography, https://dblp.org}
}

@proceedings{conf/its/2012,
  editor    = {Cerri, Stefano A. and Clancey, William J. and Papadourakis, Giorgos and Panourgia, Kitty},
  title     = {Intelligent Tutoring Systems - 11th International Conference, {ITS} 2012, Chania, Crete, Greece, June 14-18, 2012. Proceedings},
  series    = {Lecture Notes in Computer Science},
  volume    = {7315},
  publisher = {Springer},
  year      = {2012},
  url       = {https://doi.org/10.1007/978-3-642-30950-2},
  doi       = {10.1007/978-3-642-30950-2},
  isbn      = {978-3-642-30949-6},
  timestamp = {Tue, 14 May 2019 10:00:48 +0200},
  biburl    = {https://dblp.org/rec/conf/its/2012.bib},
  bibsource = {dblp computer science bibliography, https://dblp.org}
}

@proceedings{conf/iwls/2002,
  title     = {11th {IEEE/ACM} International Workshop on Logic {\\&} Synthesis, {IWLS} 2002, June 4-7, 2002, New Orleans, Louisiana, {USA}},
  year      = {2002},
  timestamp = {Sun, 04 Aug 2019 18:01:44 +0200},
  biburl    = {https://dblp.org/rec/conf/iwls/2002.bib},
  bibsource = {dblp computer science bibliography, https://dblp.org}
}

@proceedings{conf/lats/2015,
  editor    = {Kiczales, Gregor and Russell, Daniel M. and Woolf, Beverly Park},
  title     = {Proceedings of the Second {ACM} Conference on Learning @ Scale, L@S 2015, Vancouver, BC, Canada, March 14 - 18, 2015},
  publisher = {{ACM}},
  year      = {2015},
  url       = {http://dl.acm.org/citation.cfm?id=2724660},
  isbn      = {978-1-4503-3411-2},
  timestamp = {Wed, 04 Mar 2015 09:50:40 +0100},
  biburl    = {https://dblp.org/rec/conf/lats/2015.bib},
  bibsource = {dblp computer science bibliography, https://dblp.org}
}

@proceedings{conf/oopsla/2009,
  editor    = {Arora, Shail and Leavens, Gary T.},
  title     = {Proceedings of the 24th Annual {ACM} {SIGPLAN} Conference on Object-Oriented Programming, Systems, Languages, and Applications, {OOPSLA} 2009, October 25-29, 2009, Orlando, Florida, {USA}},
  publisher = {{ACM}},
  year      = {2009},
  isbn      = {978-1-60558-766-0},
  timestamp = {Fri, 30 Oct 2009 13:49:47 +0100},
  biburl    = {https://dblp.org/rec/conf/oopsla/2009.bib},
  bibsource = {dblp computer science bibliography, https://dblp.org}
}

@proceedings{conf/osdi/2008,
  editor    = {Draves, Richard and van Renesse, Robbert},
  title     = {8th {USENIX} Symposium on Operating Systems Design and Implementation, {OSDI} 2008, December 8-10, 2008, San Diego, California, USA, Proceedings},
  publisher = {{USENIX} Association},
  year      = {2008},
  isbn      = {978-1-931971-65-2},
  timestamp = {Wed, 04 Jul 2018 13:06:35 +0200},
  biburl    = {https://dblp.org/rec/conf/osdi/2008.bib},
  bibsource = {dblp computer science bibliography, https://dblp.org}
}

@proceedings{conf/pldi/2019,
  editor    = {McKinley, Kathryn S. and Fisher, Kathleen},
  title     = {Proceedings of the 40th {ACM} {SIGPLAN} Conference on Programming Language Design and Implementation, {PLDI} 2019, Phoenix, AZ, USA, June 22-26, 2019},
  publisher = {{ACM}},
  year      = {2019},
  url       = {https://doi.org/10.1145/3314221},
  doi       = {10.1145/3314221},
  isbn      = {978-1-4503-6712-7},
  timestamp = {Sun, 09 Jun 2019 18:52:19 +0200},
  biburl    = {https://dblp.org/rec/conf/pldi/2019.bib},
  bibsource = {dblp computer science bibliography, https://dblp.org}
}

@proceedings{conf/pldi/2013,
  editor    = {Boehm, Hans{-}Juergen and Flanagan, Cormac},
  title     = {{ACM} {SIGPLAN} Conference on Programming Language Design and Implementation, {PLDI} '13, Seattle, WA, USA, June 16-19, 2013},
  publisher = {{ACM}},
  year      = {2013},
  url       = {https://doi.org/10.1145/2491956},
  doi       = {10.1145/2491956},
  isbn      = {978-1-4503-2014-6},
  timestamp = {Fri, 30 Nov 2018 12:21:40 +0100},
  biburl    = {https://dblp.org/rec/conf/pldi/2013.bib},
  bibsource = {dblp computer science bibliography, https://dblp.org}
}

@proceedings{conf/sigcse/2017,
  editor    = {Caspersen, Michael E. and Edwards, Stephen H. and Barnes, Tiffany and Garcia, Daniel D.},
  title     = {Proceedings of the 2017 {ACM} {SIGCSE} Technical Symposium on Computer Science Education, Seattle, WA, USA, March 8-11, 2017},
  publisher = {{ACM}},
  year      = {2017},
  url       = {http://dl.acm.org/citation.cfm?id=3017680},
  isbn      = {978-1-4503-4698-6},
  timestamp = {Tue, 07 Mar 2017 08:54:05 +0100},
  biburl    = {https://dblp.org/rec/conf/sigcse/2017.bib},
  bibsource = {dblp computer science bibliography, https://dblp.org}
}

@proceedings{conf/tphol/2009,
  editor    = {Berghofer, Stefan and Nipkow, Tobias and Urban, Christian and Wenzel, Makarius},
  title     = {Theorem Proving in Higher Order Logics, 22nd International Conference, TPHOLs 2009, Munich, Germany, August 17-20, 2009. Proceedings},
  series    = {Lecture Notes in Computer Science},
  volume    = {5674},
  publisher = {Springer},
  year      = {2009},
  url       = {https://doi.org/10.1007/978-3-642-03359-9},
  doi       = {10.1007/978-3-642-03359-9},
  isbn      = {978-3-642-03358-2},
  timestamp = {Tue, 14 May 2019 10:00:48 +0200},
  biburl    = {https://dblp.org/rec/conf/tphol/2009.bib},
  bibsource = {dblp computer science bibliography, https://dblp.org}
}

@proceedings{conf/um/2017a,
  editor    = {Bielikov{\'{a}}, M{\'{a}}ria and Herder, Eelco and Cena, Federica and Desmarais, Michel C.},
  title     = {Adjunct Publication of the 25th Conference on User Modeling, Adaptation and Personalization, {UMAP} 2017, Bratislava, Slovakia, July 09 - 12, 2017},
  publisher = {{ACM}},
  year      = {2017},
  url       = {http://dl.acm.org/citation.cfm?id=3099023},
  isbn      = {978-1-4503-5067-9},
  timestamp = {Fri, 25 Aug 2017 15:44:02 +0200},
  biburl    = {https://dblp.org/rec/conf/um/2017a.bib},
  bibsource = {dblp computer science bibliography, https://dblp.org}
}

@book{books/pe/RusselN2010,
  author    = {Stuart J. Russell and
               Peter Norvig},
  title     = {Artificial Intelligence - {A} Modern Approach, Third International
               Edition},
  publisher = {Pearson Education},
  year      = {2010},
  url       = {http://vig.pearsoned.com/store/product/1,1207,store-12521\_isbn-0136042597,00.html},
  isbn      = {978-0-13-207148-2},
  timestamp = {Mon, 15 Jul 2019 16:26:46 +0200},
  biburl    = {https://dblp.org/rec/books/daglib/0023820.bib},
  bibsource = {dblp computer science bibliography, https://dblp.org}
}

@book{books/ph/Hoare85,
  author    = {C. A. R. Hoare},
  title     = {Communicating Sequential Processes},
  publisher = {Prentice-Hall},
  year      = {1985},
  isbn      = {0-13-153271-5},
  timestamp = {Thu, 03 Jan 2002 11:51:40 +0100},
  biburl    = {https://dblp.org/rec/books/ph/Hoare85.bib},
  bibsource = {dblp computer science bibliography, https://dblp.org}
}

@book{books/mit/Pierce02,
  author    = {Benjamin C. Pierce},
  title     = {Types and programming languages},
  publisher = {{MIT} Press},
  year      = {2002},
  isbn      = {978-0-262-16209-8},
  timestamp = {Thu, 03 Feb 2011 10:51:35 +0100},
  biburl    = {https://dblp.org/rec/books/daglib/0005958.bib},
  bibsource = {dblp computer science bibliography, https://dblp.org}
}

@article{journals/jfp/Swierstra08,
  author    = {Wouter Swierstra},
  title     = {Data types {\`{a}} la carte},
  journal   = {J. Funct. Program.},
  volume    = {18},
  number    = {4},
  pages     = {423--436},
  year      = {2008},
  url       = {https://doi.org/10.1017/S0956796808006758},
  doi       = {10.1017/S0956796808006758},
  timestamp = {Sat, 27 May 2017 14:24:34 +0200},
  biburl    = {https://dblp.org/rec/journals/jfp/Swierstra08.bib},
  bibsource = {dblp computer science bibliography, https://dblp.org}
}

@article{journals/dpd/AalstHKB03,
  author    = {Wil M. P. van der Aalst and
               Arthur H. M. ter Hofstede and
               Bartek Kiepuszewski and
               Alistair P. Barros},
  title     = {Workflow Patterns},
  journal   = {Distributed Parallel Databases},
  volume    = {14},
  number    = {1},
  pages     = {5--51},
  year      = {2003},
  url       = {https://doi.org/10.1023/A:1022883727209},
  doi       = {10.1023/A:1022883727209},
  timestamp = {Mon, 18 May 2020 12:42:55 +0200},
  biburl    = {https://dblp.org/rec/journals/dpd/AalstHKB03.bib},
  bibsource = {dblp computer science bibliography, https://dblp.org}
}

@book{books/ph/Milner89,
  author    = {Robin Milner},
  title     = {Communication and concurrency},
  series    = {{PHI} Series in computer science},
  publisher = {Prentice Hall},
  year      = {1989},
  isbn      = {978-0-13-115007-2},
  timestamp = {Wed, 27 Apr 2011 17:30:28 +0200},
  biburl    = {https://dblp.org/rec/books/daglib/0067019.bib},
  bibsource = {dblp computer science bibliography, https://dblp.org}
}

@article{journals/corr/BerryS13,
  author        = {G{\'{e}}rard Berry and
                   Manuel Serrano},
  title         = {Hop and HipHop : Multitier Web Orchestration},
  journal       = {CoRR},
  volume        = {abs/1312.0078},
  year          = {2013},
  url           = {http://arxiv.org/abs/1312.0078},
  archiveprefix = {arXiv},
  eprint        = {1312.0078},
  timestamp     = {Mon, 13 Aug 2018 16:49:15 +0200},
  biburl        = {https://dblp.org/rec/journals/corr/BerryS13.bib},
  bibsource     = {dblp computer science bibliography, https://dblp.org}
}

@inproceedings{conf/icfp/ElliottH97,
  author    = {Conal Elliott and
               Paul Hudak},
  title     = {Functional Reactive Animation},
  booktitle = {Proceedings of the 1997 {ACM} {SIGPLAN} International Conference on
               Functional Programming {(ICFP} '97), Amsterdam, The Netherlands, June
               9-11, 1997},
  pages     = {263--273},
  year      = {1997},
  crossref  = {conf/icfp/1997},
  url       = {https://doi.org/10.1145/258948.258973},
  doi       = {10.1145/258948.258973},
  timestamp = {Wed, 14 Nov 2018 10:52:41 +0100},
  biburl    = {https://dblp.org/rec/conf/icfp/ElliottH97.bib},
  bibsource = {dblp computer science bibliography, https://dblp.org}
}

@proceedings{conf/icfp/1997,
  editor    = {Simon L. Peyton Jones and
               Mads Tofte and
               A. Michael Berman},
  title     = {Proceedings of the 1997 {ACM} {SIGPLAN} International Conference on
               Functional Programming {(ICFP} '97), Amsterdam, The Netherlands, June
               9-11, 1997},
  publisher = {{ACM}},
  year      = {1997},
  isbn      = {0-89791-918-1},
  timestamp = {Tue, 11 Jun 2013 13:53:37 +0200},
  biburl    = {https://dblp.org/rec/conf/icfp/1997.bib},
  bibsource = {dblp computer science bibliography, https://dblp.org}
}

@inproceedings{conf/ifl/OortgieseGAP17,
  author    = {Arjan Oortgiese and
               John H. G. van Groningen and
               Peter Achten and
               Rinus Plasmeijer},
  title     = {A Distributed Dynamic Architecture for Task Oriented Programming},
  booktitle = {Proceedings of the 29th Symposium on Implementation and Application
               of Functional Programming Languages, {IFL} 2017, Bristol, UK, August
               30 - September 01, 2017},
  pages     = {7:1--7:12},
  year      = {2017},
  crossref  = {conf/ifl/2017},
  url       = {https://doi.org/10.1145/3205368.3205375},
  doi       = {10.1145/3205368.3205375},
  timestamp = {Wed, 21 Nov 2018 12:43:56 +0100},
  biburl    = {https://dblp.org/rec/conf/ifl/OortgieseGAP17.bib},
  bibsource = {dblp computer science bibliography, https://dblp.org}
}

@inproceedings{conf/ifl/DomoszlaiLP14,
  author    = {L{\'{a}}szl{\'{o}} Domoszlai and
               Bas Lijnse and
               Rinus Plasmeijer},
  title     = {Editlets: type-based, client-side editors for iTasks},
  booktitle = {Proceedings of the 26th 2014 International Symposium on Implementation
               and Application of Functional Languages, {IFL} 2014, Boston, MA, USA,
               October 1-3, 2014},
  pages     = {6:1--6:13},
  year      = {2014},
  crossref  = {conf/ifl/2014},
  url       = {https://doi.org/10.1145/2746325.2746331},
  doi       = {10.1145/2746325.2746331},
  timestamp = {Tue, 06 Nov 2018 11:06:43 +0100},
  biburl    = {https://dblp.org/rec/conf/ifl/DomoszlaiLP14.bib},
  bibsource = {dblp computer science bibliography, https://dblp.org}
}

@proceedings{conf/ifl/2014,
  editor    = {Sam Tobin{-}Hochstadt},
  title     = {Proceedings of the 26th 2014 International Symposium on Implementation
               and Application of Functional Languages, {IFL} 2014, Boston, MA, USA,
               October 1-3, 2014},
  publisher = {{ACM}},
  year      = {2014},
  url       = {http://dl.acm.org/citation.cfm?id=2746325},
  isbn      = {978-1-4503-3284-2},
  timestamp = {Wed, 29 Mar 2017 16:45:25 +0200},
  biburl    = {https://dblp.org/rec/conf/ifl/2014.bib},
  bibsource = {dblp computer science bibliography, https://dblp.org}
}

@inproceedings{conf/icfp/PlasmeijerAK07,
  author    = {Rinus Plasmeijer and
               Peter Achten and
               Pieter W. M. Koopman},
  title     = {iTasks: executable specifications of interactive work flow systems
               for the web},
  booktitle = {Proceedings of the 12th {ACM} {SIGPLAN} International Conference on
               Functional Programming, {ICFP} 2007, Freiburg, Germany, October 1-3,
               2007},
  pages     = {141--152},
  year      = {2007},
  crossref  = {conf/icfp/2007},
  url       = {https://doi.org/10.1145/1291151.1291174},
  doi       = {10.1145/1291151.1291174},
  timestamp = {Tue, 06 Nov 2018 16:59:24 +0100},
  biburl    = {https://dblp.org/rec/conf/icfp/PlasmeijerAK07.bib},
  bibsource = {dblp computer science bibliography, https://dblp.org}
}

@proceedings{conf/icfp/2007,
  editor    = {Ralf Hinze and
               Norman Ramsey},
  title     = {Proceedings of the 12th {ACM} {SIGPLAN} International Conference on
               Functional Programming, {ICFP} 2007, Freiburg, Germany, October 1-3,
               2007},
  publisher = {{ACM}},
  year      = {2007},
  url       = {https://dl.acm.org/citation.cfm?id=1291220},
  isbn      = {978-1-59593-815-2},
  timestamp = {Mon, 16 Jul 2018 07:56:24 +0200},
  biburl    = {https://dblp.org/rec/conf/icfp/2007.bib},
  bibsource = {dblp computer science bibliography, https://dblp.org}
}

@inproceedings{conf/ifl/LijnseP09,
  author    = {Bas Lijnse and
               Rinus Plasmeijer},
  title     = {iTasks 2: iTasks for End-users},
  booktitle = {Implementation and Application of Functional Languages - 21st International
               Symposium, {IFL} 2009, South Orange, NJ, USA, September 23-25, 2009,
               Revised Selected Papers},
  pages     = {36--54},
  year      = {2009},
  crossref  = {conf/ifl/2009},
  url       = {https://doi.org/10.1007/978-3-642-16478-1\_3},
  doi       = {10.1007/978-3-642-16478-1\_3},
  timestamp = {Tue, 14 May 2019 10:00:35 +0200},
  biburl    = {https://dblp.org/rec/conf/ifl/LijnseP09.bib},
  bibsource = {dblp computer science bibliography, https://dblp.org}
}

@proceedings{conf/ifl/2009,
  editor    = {Marco T. Moraz{\'{a}}n and
               Sven{-}Bodo Scholz},
  title     = {Implementation and Application of Functional Languages - 21st International
               Symposium, {IFL} 2009, South Orange, NJ, USA, September 23-25, 2009,
               Revised Selected Papers},
  series    = {Lecture Notes in Computer Science},
  volume    = {6041},
  publisher = {Springer},
  year      = {2011},
  url       = {https://doi.org/10.1007/978-3-642-16478-1},
  doi       = {10.1007/978-3-642-16478-1},
  isbn      = {978-3-642-16477-4},
  timestamp = {Tue, 14 May 2019 10:00:35 +0200},
  biburl    = {https://dblp.org/rec/conf/ifl/2009.bib},
  bibsource = {dblp computer science bibliography, https://dblp.org}
}

@inproceedings{conf/ifl/PlasmeijerA05,
  author    = {Rinus Plasmeijer and
               Peter Achten},
  title     = {The Implementation of iData},
  booktitle = {Implementation and Application of Functional Languages, 17th International
               Workshop, {IFL} 2005, Dublin, Ireland, September 19-21, 2005, Revised
               Selected Papers},
  pages     = {106--123},
  year      = {2005},
  crossref  = {conf/ifl/2005},
  url       = {https://doi.org/10.1007/11964681\_7},
  doi       = {10.1007/11964681\_7},
  timestamp = {Tue, 14 May 2019 10:00:35 +0200},
  biburl    = {https://dblp.org/rec/conf/ifl/PlasmeijerA05.bib},
  bibsource = {dblp computer science bibliography, https://dblp.org}
}

@proceedings{conf/ifl/2005,
  editor    = {Andrew Butterfield and
               Clemens Grelck and
               Frank Huch},
  title     = {Implementation and Application of Functional Languages, 17th International
               Workshop, {IFL} 2005, Dublin, Ireland, September 19-21, 2005, Revised
               Selected Papers},
  series    = {Lecture Notes in Computer Science},
  volume    = {4015},
  publisher = {Springer},
  year      = {2006},
  url       = {https://doi.org/10.1007/11964681},
  doi       = {10.1007/11964681},
  isbn      = {3-540-69174-X},
  timestamp = {Tue, 14 May 2019 10:00:35 +0200},
  biburl    = {https://dblp.org/rec/conf/ifl/2005.bib},
  bibsource = {dblp computer science bibliography, https://dblp.org}
}

@inproceedings{conf/pldi/HallahanXBJP19,
  author    = {William T. Hallahan and
               Anton Xue and
               Maxwell Troy Bland and
               Ranjit Jhala and
               Ruzica Piskac},
  title     = {Lazy counterfactual symbolic execution},
  booktitle = {Proceedings of the 40th {ACM} {SIGPLAN} Conference on Programming
               Language Design and Implementation, {PLDI} 2019, Phoenix, AZ, USA,
               June 22-26, 2019},
  pages     = {411--424},
  year      = {2019},
  crossref  = {conf/pldi/2019},
  url       = {https://doi.org/10.1145/3314221.3314618},
  doi       = {10.1145/3314221.3314618},
  timestamp = {Sat, 05 Sep 2020 17:57:51 +0200},
  biburl    = {https://dblp.org/rec/conf/pldi/HallahanXBJP19.bib},
  bibsource = {dblp computer science bibliography, https://dblp.org}
}

@proceedings{conf/pldi/2019,
  editor    = {Kathryn S. McKinley and
               Kathleen Fisher},
  title     = {Proceedings of the 40th {ACM} {SIGPLAN} Conference on Programming
               Language Design and Implementation, {PLDI} 2019, Phoenix, AZ, USA,
               June 22-26, 2019},
  publisher = {{ACM}},
  year      = {2019},
  url       = {https://doi.org/10.1145/3314221},
  doi       = {10.1145/3314221},
  isbn      = {978-1-4503-6712-7},
  timestamp = {Wed, 02 Dec 2020 10:56:56 +0100},
  biburl    = {https://dblp.org/rec/conf/pldi/2019.bib},
  bibsource = {dblp computer science bibliography, https://dblp.org}
}

@article{journals/computer/Meyer92,
  author    = {Bertrand Meyer},
  title     = {Applying "Design by Contract"},
  journal   = {Computer},
  volume    = {25},
  number    = {10},
  pages     = {40--51},
  year      = {1992},
  url       = {https://doi.org/10.1109/2.161279},
  doi       = {10.1109/2.161279},
  timestamp = {Wed, 12 Aug 2020 10:29:00 +0200},
  biburl    = {https://dblp.org/rec/journals/computer/Meyer92.bib},
  bibsource = {dblp computer science bibliography, https://dblp.org}
}

@proceedings{conf/sfp/2016,
  editor    = {David Van Horn and
               John Hughes},
  title     = {Trends in Functional Programming - 17th International Conference,
               {TFP} 2016, College Park, MD, USA, June 8-10, 2016, Revised Selected
               Papers},
  series    = {Lecture Notes in Computer Science},
  volume    = {10447},
  publisher = {Springer},
  year      = {2019},
  url       = {https://doi.org/10.1007/978-3-030-14805-8},
  doi       = {10.1007/978-3-030-14805-8},
  isbn      = {978-3-030-14804-1},
  timestamp = {Wed, 02 Dec 2020 11:57:00 +0100},
  biburl    = {https://dblp.org/rec/conf/sfp/2016.bib},
  bibsource = {dblp computer science bibliography, https://dblp.org}
}

@inproceedings{conf/sfp/NausS20,
  author    = {Nico Naus and
               Tim Steenvoorden},
  title     = {Generating Next Step Hints for Task Oriented Programs Using Symbolic
               Execution},
  booktitle = {Trends in Functional Programming - 21st International Symposium, {TFP}
               2020, Krakow, Poland, February 13-14, 2020, Revised Selected Papers},
  pages     = {47--68},
  year      = {2020},
  crossref  = {conf/sfp/2020},
  url       = {https://doi.org/10.1007/978-3-030-57761-2\_3},
  doi       = {10.1007/978-3-030-57761-2\_3},
  timestamp = {Wed, 21 Oct 2020 14:22:01 +0200},
  biburl    = {https://dblp.org/rec/conf/sfp/NausS20.bib},
  bibsource = {dblp computer science bibliography, https://dblp.org}
}

@proceedings{conf/sfp/2020,
  editor    = {Aleksander Byrski and
               John Hughes},
  title     = {Trends in Functional Programming - 21st International Symposium, {TFP}
               2020, Krakow, Poland, February 13-14, 2020, Revised Selected Papers},
  series    = {Lecture Notes in Computer Science},
  volume    = {12222},
  publisher = {Springer},
  year      = {2020},
  url       = {https://doi.org/10.1007/978-3-030-57761-2},
  doi       = {10.1007/978-3-030-57761-2},
  isbn      = {978-3-030-57760-5},
  timestamp = {Tue, 01 Jun 2021 13:58:04 +0200},
  biburl    = {https://dblp.org/rec/conf/sfp/2020.bib},
  bibsource = {dblp computer science bibliography, https://dblp.org}
}

@inproceedings{conf/ifl/NausSK19,
  author    = {Nico Naus and
               Tim Steenvoorden and
               Markus Klinik},
  title     = {A symbolic execution semantics for TopHat},
  booktitle = {{IFL} '19: Implementation and Application of Functional Languages,
               Singapore, September 25-27, 2019},
  pages     = {1:1--1:11},
  year      = {2019},
  crossref  = {conf/ifl/2019},
  url       = {https://doi.org/10.1145/3412932.3412933},
  doi       = {10.1145/3412932.3412933},
  timestamp = {Wed, 21 Jul 2021 16:25:07 +0200},
  biburl    = {https://dblp.org/rec/conf/ifl/NausSK19.bib},
  bibsource = {dblp computer science bibliography, https://dblp.org}
}

@inproceedings{conf/ifl/AchtenD03,
  author    = {Peter Achten and
               Marko C. J. D. van Eekelen and
               Rinus Plasmeijer},
  title     = {Generic Graphical User Interfaces},
  booktitle = {Implementation of Functional Languages, 15th International Workshop,
               {IFL} 2003, Edinburgh, UK, September 8-11, 2003, Revised Papers},
  pages     = {152--167},
  year      = {2003},
  crossref  = {conf/ifl/2003},
  url       = {https://doi.org/10.1007/978-3-540-27861-0\_10},
  doi       = {10.1007/978-3-540-27861-0\_10},
  timestamp = {Tue, 14 May 2019 10:00:35 +0200},
  biburl    = {https://dblp.org/rec/conf/ifl/AchtenD03.bib},
  bibsource = {dblp computer science bibliography, https://dblp.org}
}

@proceedings{conf/ifl/2003,
  editor    = {Philip W. Trinder and
               Greg Michaelson and
               Ricardo Pena},
  title     = {Implementation of Functional Languages, 15th International Workshop,
               {IFL} 2003, Edinburgh, UK, September 8-11, 2003, Revised Papers},
  series    = {Lecture Notes in Computer Science},
  volume    = {3145},
  publisher = {Springer},
  year      = {2004},
  url       = {https://doi.org/10.1007/b102274},
  doi       = {10.1007/b102274},
  isbn      = {3-540-23727-5},
  timestamp = {Thu, 12 Aug 2021 17:02:18 +0200},
  biburl    = {https://dblp.org/rec/conf/ifl/2003.bib},
  bibsource = {dblp computer science bibliography, https://dblp.org}
}

@inproceedings{conf/iscram/JansenLP10,
  author    = {Jan Martin Jansen and
               Bas Lijnse and
               Rinus Plasmeijer},
  title     = {Towards dynamic workflow support for crisis management},
  booktitle = {7th Proceedings of the International Conference on Information Systems
               for Crisis Response and Management, Seattle, WA, USA, May, 2010},
  year      = {2010},
  crossref  = {conf/iscram/2010},
  url       = {http://idl.iscram.org/files/jansen/2010/619\_Jansen\_etal2010.pdf},
  timestamp = {Sun, 21 Jun 2020 11:44:46 +0200},
  biburl    = {https://dblp.org/rec/conf/iscram/JansenLP10.bib},
  bibsource = {dblp computer science bibliography, https://dblp.org}
}

@proceedings{conf/iscram/2010,
  editor    = {Simon French and
               Brian M. Tomaszewski and
               Christopher W. Zobel},
  title     = {7th Proceedings of the International Conference on Information Systems
               for Crisis Response and Management, Seattle, WA, USA, May, 2010},
  publisher = {ISCRAM, Seattle, {USA}},
  year      = {2010},
  isbn      = {978-9-72492-247-8},
  timestamp = {Fri, 13 Aug 2021 14:10:18 +0200},
  biburl    = {https://dblp.org/rec/conf/iscram/2010.bib},
  bibsource = {dblp computer science bibliography, https://dblp.org}
}

@inproceedings{conf/iscram/LijnseJNP11,
  author    = {Bas Lijnse and
               Jan Martin Jansen and
               Ruud Nanne and
               Rinus Plasmeijer},
  title     = {Capturing the Netherlands Coast Guard's {SAR} workflow with iTasks},
  booktitle = {8th Proceedings of the International Conference on Information Systems
               for Crisis Response and Management, Lisbon, Portugal, May, 2011},
  year      = {2011},
  crossref  = {conf/iscram/2011},
  url       = {http://idl.iscram.org/files/lijnse/2011/702\_Lijnse\_etal2011.pdf},
  timestamp = {Fri, 19 Jun 2020 16:07:07 +0200},
  biburl    = {https://dblp.org/rec/conf/iscram/LijnseJNP11.bib},
  bibsource = {dblp computer science bibliography, https://dblp.org}
}

@proceedings{conf/iscram/2011,
  editor    = {Maria A. Santos and
               Lu{\'{\i}}sa Sousa and
               Eliane Portela},
  title     = {8th Proceedings of the International Conference on Information Systems
               for Crisis Response and Management, Lisbon, Portugal, May, 2011},
  publisher = {LNEC, Lisbon, Portugal},
  year      = {2011},
  isbn      = {978-9-72492-247-8},
  timestamp = {Fri, 13 Aug 2021 14:10:19 +0200},
  biburl    = {https://dblp.org/rec/conf/iscram/2011.bib},
  bibsource = {dblp computer science bibliography, https://dblp.org}
}

@inproceedings{conf/ifl/AchtenSLP16,
  author    = {Peter Achten and
               Jurri{\"{e}}n Stutterheim and
               Bas Lijnse and
               Rinus Plasmeijer},
  title     = {Towards the Layout of Things},
  booktitle = {Proceedings of the 28th Symposium on the Implementation and Application
               of Functional Programming Languages, {IFL} 2016, Leuven, Belgium,
               August 31 - September 2, 2016},
  pages     = {3:1--3:13},
  year      = {2016},
  crossref  = {conf/ifl/2016},
  url       = {https://doi.org/10.1145/3064899.3064905},
  doi       = {10.1145/3064899.3064905},
  timestamp = {Tue, 06 Nov 2018 11:06:43 +0100},
  biburl    = {https://dblp.org/rec/conf/ifl/AchtenSLP16.bib},
  bibsource = {dblp computer science bibliography, https://dblp.org}
}

@proceedings{conf/ifl/2016,
  editor    = {Tom Schrijvers},
  title     = {Proceedings of the 28th Symposium on the Implementation and Application
               of Functional Programming Languages, {IFL} 2016, Leuven, Belgium,
               August 31 - September 2, 2016},
  publisher = {{ACM}},
  year      = {2016},
  url       = {https://doi.org/10.1145/3064899},
  doi       = {10.1145/3064899},
  isbn      = {978-1-4503-4767-9},
  timestamp = {Fri, 13 Aug 2021 14:19:53 +0200},
  biburl    = {https://dblp.org/rec/conf/ifl/2016.bib},
  bibsource = {dblp computer science bibliography, https://dblp.org}
}

@inproceedings{conf/ifl/LubbersKP18,
  author    = {Mart Lubbers and
               Pieter W. M. Koopman and
               Rinus Plasmeijer},
  title     = {Task Oriented Programming and the Internet of Things},
  booktitle = {Proceedings of the 30th Symposium on Implementation and Application
               of Functional Languages, {IFL} 2018, Lowell, MA, USA, September 5-7,
               2018},
  pages     = {83--94},
  year      = {2018},
  crossref  = {conf/ifl/2018},
  url       = {https://doi.org/10.1145/3310232.3310239},
  doi       = {10.1145/3310232.3310239},
  timestamp = {Sun, 25 Oct 2020 22:54:39 +0100},
  biburl    = {https://dblp.org/rec/conf/ifl/LubbersKP18.bib},
  bibsource = {dblp computer science bibliography, https://dblp.org}
}

@proceedings{conf/ifl/2018,
  editor    = {Matteo Cimini and
               Jay McCarthy},
  title     = {Proceedings of the 30th Symposium on Implementation and Application
               of Functional Languages, {IFL} 2018, Lowell, MA, USA, September 5-7,
               2018},
  publisher = {{ACM}},
  year      = {2018},
  url       = {https://dl.acm.org/citation.cfm?id=3310232},
  isbn      = {978-1-4503-7143-8},
  timestamp = {Fri, 13 Aug 2021 14:26:50 +0200},
  biburl    = {https://dblp.org/rec/conf/ifl/2018.bib},
  bibsource = {dblp computer science bibliography, https://dblp.org}
}

@inproceedings{conf/mipro/LubbersKP19,
  author    = {Mart Lubbers and
               Pieter Koopman and
               Rinus Plasmeijer},
  title     = {Multitasking on Microcontrollers using Task Oriented Programming},
  booktitle = {42nd International Convention on Information and Communication Technology,
               Electronics and Microelectronics, {MIPRO} 2019, Opatija, Croatia,
               May 20-24, 2019},
  pages     = {1587--1592},
  year      = {2019},
  crossref  = {conf/mipro/2019},
  url       = {https://doi.org/10.23919/MIPRO.2019.8756711},
  doi       = {10.23919/MIPRO.2019.8756711},
  timestamp = {Sun, 25 Oct 2020 23:14:48 +0100},
  biburl    = {https://dblp.org/rec/conf/mipro/LubbersKP19.bib},
  bibsource = {dblp computer science bibliography, https://dblp.org}
}

@proceedings{conf/mipro/2019,
  editor    = {Marko Koricic and
               Zeljko Butkovic and
               Karolj Skala and
               Zeljka Car and
               Marina Cicin{-}Sain and
               Snjezana Babic and
               Vlado Sruk and
               Dejan Skvorc and
               Slobodan Ribaric and
               Stjepan Gros and
               Boris Vrdoljak and
               Mladen Mauher and
               Edvard Tijan and
               Predrag Pale and
               Darko Huljenic and
               Tihana Galinac Grbac and
               Matej Janjic},
  title     = {42nd International Convention on Information and Communication Technology,
               Electronics and Microelectronics, {MIPRO} 2019, Opatija, Croatia,
               May 20-24, 2019},
  publisher = {{IEEE}},
  year      = {2019},
  url       = {https://ieeexplore.ieee.org/xpl/conhome/8747288/proceeding},
  isbn      = {978-953-233-098-4},
  timestamp = {Fri, 13 Aug 2021 14:26:57 +0200},
  biburl    = {https://dblp.org/rec/conf/mipro/2019.bib},
  bibsource = {dblp computer science bibliography, https://dblp.org}
}

@inproceedings{conf/ifl/LubbersKP19,
  author    = {Mart Lubbers and
               Pieter Koopman and
               Rinus Plasmeijer},
  title     = {Interpreting task oriented programs on tiny computers},
  booktitle = {{IFL} '19: Implementation and Application of Functional Languages,
               Singapore, September 25-27, 2019},
  pages     = {4:1--4:12},
  year      = {2019},
  crossref  = {conf/ifl/2019},
  url       = {https://doi.org/10.1145/3412932.3412936},
  doi       = {10.1145/3412932.3412936},
  timestamp = {Wed, 21 Jul 2021 16:25:07 +0200},
  biburl    = {https://dblp.org/rec/conf/ifl/LubbersKP19.bib},
  bibsource = {dblp computer science bibliography, https://dblp.org}
}

@proceedings{conf/ifl/2019,
  editor    = {Jurri{\"{e}}n Stutterheim and
               Wei{-}Ngan Chin},
  title     = {{IFL} '19: Implementation and Application of Functional Languages,
               Singapore, September 25-27, 2019},
  publisher = {{ACM}},
  year      = {2019},
  url       = {https://doi.org/10.1145/3412932},
  doi       = {10.1145/3412932},
  isbn      = {978-1-4503-7562-7},
  timestamp = {Fri, 13 Aug 2021 14:26:59 +0200},
  biburl    = {https://dblp.org/rec/conf/ifl/2019.bib},
  bibsource = {dblp computer science bibliography, https://dblp.org}
}

@article{journals/jfp/Brady13,
  author    = {Edwin C. Brady},
  title     = {Idris, a general-purpose dependently typed programming language: Design
               and implementation},
  journal   = {J. Funct. Program.},
  volume    = {23},
  number    = {5},
  pages     = {552--593},
  year      = {2013},
  url       = {https://doi.org/10.1017/S095679681300018X},
  doi       = {10.1017/S095679681300018X},
  timestamp = {Sun, 21 Jun 2020 17:42:23 +0200},
  biburl    = {https://dblp.org/rec/journals/jfp/Brady13.bib},
  bibsource = {dblp computer science bibliography, https://dblp.org}
}

@inproceedings{conf/ecoop/Brady21,
  author    = {Edwin C. Brady},
  title     = {Idris 2: Quantitative Type Theory in Practice},
  booktitle = {35th European Conference on Object-Oriented Programming, {ECOOP} 2021,
               July 11-17, 2021, Aarhus, Denmark (Virtual Conference)},
  pages     = {9:1--9:26},
  year      = {2021},
  crossref  = {conf/ecoop/2021},
  url       = {https://doi.org/10.4230/LIPIcs.ECOOP.2021.9},
  doi       = {10.4230/LIPIcs.ECOOP.2021.9},
  timestamp = {Sun, 25 Jul 2021 11:47:10 +0200},
  biburl    = {https://dblp.org/rec/conf/ecoop/Brady21.bib},
  bibsource = {dblp computer science bibliography, https://dblp.org}
}

@proceedings{conf/ecoop/2021,
  editor    = {Anders M{\o}ller and
               Manu Sridharan},
  title     = {35th European Conference on Object-Oriented Programming, {ECOOP} 2021,
               July 11-17, 2021, Aarhus, Denmark (Virtual Conference)},
  series    = {LIPIcs},
  volume    = {194},
  publisher = {Schloss Dagstuhl - Leibniz-Zentrum f{\"{u}}r Informatik},
  year      = {2021},
  url       = {https://www.dagstuhl.de/dagpub/978-3-95977-190-0},
  isbn      = {978-3-95977-190-0},
  timestamp = {Thu, 19 Aug 2021 12:07:39 +0200},
  biburl    = {https://dblp.org/rec/conf/ecoop/2021.bib},
  bibsource = {dblp computer science bibliography, https://dblp.org}
}

@inproceedings{conf/ac/Pitts00,
  author    = {Andrew M. Pitts},
  title     = {Operational Semantics and Program Equivalence},
  booktitle = {Applied Semantics, International Summer School, {APPSEM} 2000, Caminha,
               Portugal, September 9-15, 2000, Advanced Lectures},
  pages     = {378--412},
  year      = {2000},
  crossref  = {conf/ac/2000appsem},
  url       = {https://doi.org/10.1007/3-540-45699-6\_8},
  doi       = {10.1007/3-540-45699-6\_8},
  timestamp = {Fri, 17 Jul 2020 11:39:04 +0200},
  biburl    = {https://dblp.org/rec/conf/ac/Pitts00.bib},
  bibsource = {dblp computer science bibliography, https://dblp.org}
}

@proceedings{conf/ac/2000appsem,
  editor    = {Gilles Barthe and
               Peter Dybjer and
               Lu{\'{\i}}s Pinto and
               Jo{\~{a}}o Saraiva},
  title     = {Applied Semantics, International Summer School, {APPSEM} 2000, Caminha,
               Portugal, September 9-15, 2000, Advanced Lectures},
  series    = {Lecture Notes in Computer Science},
  volume    = {2395},
  publisher = {Springer},
  year      = {2002},
  url       = {https://doi.org/10.1007/3-540-45699-6},
  doi       = {10.1007/3-540-45699-6},
  isbn      = {3-540-44044-5},
  timestamp = {Fri, 27 Aug 2021 09:36:03 +0200},
  biburl    = {https://dblp.org/rec/conf/ac/2000appsem.bib},
  bibsource = {dblp computer science bibliography, https://dblp.org}
}

@article{journals/sosym/Borger12,
  author    = {Egon B{\"{o}}rger},
  title     = {Approaches to modeling business processes: a critical analysis of
               BPMN, workflow patterns and {YAWL}},
  journal   = {Softw. Syst. Model.},
  volume    = {11},
  number    = {3},
  pages     = {305--318},
  year      = {2012},
  url       = {https://doi.org/10.1007/s10270-011-0214-z},
  doi       = {10.1007/s10270-011-0214-z},
  timestamp = {Fri, 18 Sep 2020 11:19:31 +0200},
  biburl    = {https://dblp.org/rec/journals/sosym/Borger12.bib},
  bibsource = {dblp computer science bibliography, https://dblp.org}
}

@inproceedings{conf/modelsward/Braun15a,
  author    = {Richard Braun},
  title     = {Behind the Scenes of the {BPMN} Extension Mechanism - Principles,
               Problems and Options for Improvement},
  booktitle = {{MODELSWARD} 2015 - Proceedings of the 3rd International Conference
               on Model-Driven Engineering and Software Development, ESEO, Angers,
               Loire Valley, France, 9-11 February, 2015},
  pages     = {403--410},
  year      = {2015},
  crossref  = {conf/modelsward/2015},
  url       = {https://doi.org/10.5220/0005329904030410},
  doi       = {10.5220/0005329904030410},
  timestamp = {Wed, 11 Aug 2021 17:02:31 +0200},
  biburl    = {https://dblp.org/rec/conf/modelsward/Braun15a.bib},
  bibsource = {dblp computer science bibliography, https://dblp.org}
}

@proceedings{conf/modelsward/2015,
  editor    = {Slimane Hammoudi and
               Lu{\'{\i}}s Ferreira Pires and
               Philippe Desfray and
               Joaquim Filipe},
  title     = {{MODELSWARD} 2015 - Proceedings of the 3rd International Conference
               on Model-Driven Engineering and Software Development, ESEO, Angers,
               Loire Valley, France, 9-11 February, 2015},
  publisher = {SciTePress},
  year      = {2015},
  url       = {https://ieeexplore.ieee.org/xpl/conhome/7307714/proceeding},
  isbn      = {978-989-758-083-3},
  timestamp = {Thu, 28 Oct 2021 17:02:32 +0200},
  biburl    = {https://dblp.org/rec/conf/modelsward/2015.bib},
  bibsource = {dblp computer science bibliography, https://dblp.org}
}

@article{journals/dpd/SmirnovRWN12,
  author    = {Sergey Smirnov and
               Hajo A. Reijers and
               Mathias Weske and
               Thijs Nugteren},
  title     = {Business process model abstraction: a definition, catalog, and survey},
  journal   = {Distributed Parallel Databases},
  volume    = {30},
  number    = {1},
  pages     = {63--99},
  year      = {2012},
  url       = {https://doi.org/10.1007/s10619-011-7088-5},
  doi       = {10.1007/s10619-011-7088-5},
  timestamp = {Mon, 18 May 2020 12:42:52 +0200},
  biburl    = {https://dblp.org/rec/journals/dpd/SmirnovRWN12.bib},
  bibsource = {dblp computer science bibliography, https://dblp.org}
}

@inproceedings{conf/ifip8/HouyFLAK10,
  author    = {Constantin Houy and
               Peter Fettke and
               Peter Loos and
               Wil M. P. van der Aalst and
               John Krogstie},
  title     = {BPM-in-the-Large - Towards a Higher Level of Abstraction in Business
               Process Management},
  booktitle = {E-Government, E-Services and Global Processes - Joint {IFIP} {TC}
               8 and {TC} 6 International Conferences, {EGES} 2010 and {GISP} 2010,
               Held as Part of {WCC} 2010, Brisbane, Australia, September 20-23,
               2010. Proceedings},
  pages     = {233--244},
  year      = {2010},
  crossref  = {conf/ifip8/2010},
  url       = {https://doi.org/10.1007/978-3-642-15346-4\_19},
  doi       = {10.1007/978-3-642-15346-4\_19},
  timestamp = {Mon, 08 Mar 2021 11:59:33 +0100},
  biburl    = {https://dblp.org/rec/conf/ifip8/HouyFLAK10.bib},
  bibsource = {dblp computer science bibliography, https://dblp.org}
}

@proceedings{conf/ifip8/2010,
  editor    = {Marijn Janssen and
               Winfried Lamersdorf and
               Jan Pries{-}Heje and
               Michael Rosemann},
  title     = {E-Government, E-Services and Global Processes - Joint {IFIP} {TC}
               8 and {TC} 6 International Conferences, {EGES} 2010 and {GISP} 2010,
               Held as Part of {WCC} 2010, Brisbane, Australia, September 20-23,
               2010. Proceedings},
  series    = {{IFIP} Advances in Information and Communication Technology},
  volume    = {334},
  publisher = {Springer},
  year      = {2010},
  url       = {https://doi.org/10.1007/978-3-642-15346-4},
  doi       = {10.1007/978-3-642-15346-4},
  isbn      = {978-3-642-15345-7},
  timestamp = {Thu, 28 Oct 2021 17:05:30 +0200},
  biburl    = {https://dblp.org/rec/conf/ifip8/2010.bib},
  bibsource = {dblp computer science bibliography, https://dblp.org}
}

@inproceedings{conf/icws/OuyangDHA06,
  author    = {Chun Ouyang and
               Marlon Dumas and
               Arthur H. M. ter Hofstede and
               Wil M. P. van der Aalst},
  title     = {From {BPMN} Process Models to {BPEL} Web Services},
  booktitle = {2006 {IEEE} International Conference on Web Services {(ICWS} 2006),
               18-22 September 2006, Chicago, Illinois, {USA}},
  pages     = {285--292},
  year      = {2006},
  crossref  = {conf/icws/2006},
  url       = {https://doi.org/10.1109/ICWS.2006.67},
  doi       = {10.1109/ICWS.2006.67},
  timestamp = {Wed, 17 Mar 2021 14:09:59 +0100},
  biburl    = {https://dblp.org/rec/conf/icws/OuyangDHA06.bib},
  bibsource = {dblp computer science bibliography, https://dblp.org}
}

@proceedings{conf/icws/2006,
  title     = {2006 {IEEE} International Conference on Web Services {(ICWS} 2006),
               18-22 September 2006, Chicago, Illinois, {USA}},
  publisher = {{IEEE} Computer Society},
  year      = {2006},
  url       = {https://ieeexplore.ieee.org/xpl/conhome/4031979/proceeding},
  isbn      = {0-7695-2669-1},
  timestamp = {Thu, 28 Oct 2021 17:06:40 +0200},
  biburl    = {https://dblp.org/rec/conf/icws/2006.bib},
  bibsource = {dblp computer science bibliography, https://dblp.org}
}

@inproceedings{conf/cefp/AchtenKP13,
  author    = {Peter Achten and
               Pieter W. M. Koopman and
               Rinus Plasmeijer},
  title     = {An Introduction to Task Oriented Programming},
  booktitle = {Central European Functional Programming School - 5th Summer School,
               {CEFP} 2013, Cluj-Napoca, Romania, July 8-20, 2013, Revised Selected
               Papers},
  pages     = {187--245},
  year      = {2013},
  crossref  = {conf/cefp/2013},
  url       = {https://doi.org/10.1007/978-3-319-15940-9\_5},
  doi       = {10.1007/978-3-319-15940-9\_5},
  timestamp = {Mon, 03 Jan 2022 22:17:59 +0100},
  biburl    = {https://dblp.org/rec/conf/cefp/AchtenKP13.bib},
  bibsource = {dblp computer science bibliography, https://dblp.org}
}

@proceedings{conf/cefp/2013,
  editor    = {Vikt{\'{o}}ria Zs{\'{o}}k and
               Zolt{\'{a}}n Horv{\'{a}}th and
               Lehel Csat{\'{o}}},
  title     = {Central European Functional Programming School - 5th Summer School,
               {CEFP} 2013, Cluj-Napoca, Romania, July 8-20, 2013, Revised Selected
               Papers},
  series    = {Lecture Notes in Computer Science},
  volume    = {8606},
  publisher = {Springer},
  year      = {2015},
  url       = {https://doi.org/10.1007/978-3-319-15940-9},
  doi       = {10.1007/978-3-319-15940-9},
  isbn      = {978-3-319-15939-3},
  timestamp = {Tue, 01 Mar 2022 11:57:59 +0100},
  biburl    = {https://dblp.org/rec/conf/cefp/2013.bib},
  bibsource = {dblp computer science bibliography, https://dblp.org}
}

@inproceedings{conf/wsfm/Dezani-Ciancaglinid09,
  author    = {Mariangiola Dezani{-}Ciancaglini and
               Ugo de'Liguoro},
  title     = {Sessions and Session Types: An Overview},
  booktitle = {Web Services and Formal Methods, 6th International Workshop, {WS-FM}
               2009, Bologna, Italy, September 4-5, 2009, Revised Selected Papers},
  pages     = {1--28},
  year      = {2009},
  crossref  = {conf/wsfm/2009},
  url       = {https://doi.org/10.1007/978-3-642-14458-5\_1},
  doi       = {10.1007/978-3-642-14458-5\_1},
  timestamp = {Thu, 14 Oct 2021 09:54:54 +0200},
  biburl    = {https://dblp.org/rec/conf/wsfm/Dezani-Ciancaglinid09.bib},
  bibsource = {dblp computer science bibliography, https://dblp.org}
}

@proceedings{conf/wsfm/2009,
  editor    = {Cosimo Laneve and
               Jianwen Su},
  title     = {Web Services and Formal Methods, 6th International Workshop, {WS-FM}
               2009, Bologna, Italy, September 4-5, 2009, Revised Selected Papers},
  series    = {Lecture Notes in Computer Science},
  volume    = {6194},
  publisher = {Springer},
  year      = {2010},
  url       = {https://doi.org/10.1007/978-3-642-14458-5},
  doi       = {10.1007/978-3-642-14458-5},
  isbn      = {978-3-642-14457-8},
  timestamp = {Thu, 24 Mar 2022 14:12:57 +0100},
  biburl    = {https://dblp.org/rec/conf/wsfm/2009.bib},
  bibsource = {dblp computer science bibliography, https://dblp.org}
}

@article{journals/csur/HuttelLVCCDMPRT16,
  author    = {Hans H{\"{u}}ttel and
               Ivan Lanese and
               Vasco T. Vasconcelos and
               Lu{\'{\i}}s Caires and
               Marco Carbone and
               Pierre{-}Malo Deni{\'{e}}lou and
               Dimitris Mostrous and
               Luca Padovani and
               Ant{\'{o}}nio Ravara and
               Emilio Tuosto and
               Hugo Torres Vieira and
               Gianluigi Zavattaro},
  title     = {Foundations of Session Types and Behavioural Contracts},
  journal   = {{ACM} Comput. Surv.},
  volume    = {49},
  number    = {1},
  pages     = {3:1--3:36},
  year      = {2016},
  url       = {https://doi.org/10.1145/2873052},
  doi       = {10.1145/2873052},
  timestamp = {Mon, 15 Jun 2020 16:54:46 +0200},
  biburl    = {https://dblp.org/rec/journals/csur/HuttelLVCCDMPRT16.bib},
  bibsource = {dblp computer science bibliography, https://dblp.org}
}

@article{journals/jfp/McbrideP08,
  author    = {Conor McBride and
               Ross Paterson},
  title     = {Applicative programming with effects},
  journal   = {J. Funct. Program.},
  volume    = {18},
  number    = {1},
  pages     = {1--13},
  year      = {2008},
  url       = {https://doi.org/10.1017/S0956796807006326},
  doi       = {10.1017/S0956796807006326},
  timestamp = {Fri, 02 Nov 2018 09:31:48 +0100},
  biburl    = {https://dblp.org/rec/journals/jfp/McbrideP08.bib},
  bibsource = {dblp computer science bibliography, https://dblp.org}
}

@inproceedings{conf/issep/BarendsenS16,
  author    = {Erik Barendsen and
               Tim Steenvoorden},
  title     = {Analyzing Conceptual Content of International Informatics Curricula
               for Secondary Education},
  booktitle = {Informatics in Schools: Improvement of Informatics Knowledge and Perception
               - 9th International Conference on Informatics in Schools: Situation,
               Evolution, and Perspectives, {ISSEP} 2016, M{\"{u}}nster, Germany,
               October 13-15, 2016, Proceedings},
  pages     = {14--27},
  year      = {2016},
  crossref  = {conf/issep/2016},
  url       = {https://doi.org/10.1007/978-3-319-46747-4\_2},
  doi       = {10.1007/978-3-319-46747-4\_2},
  timestamp = {Tue, 14 May 2019 10:00:51 +0200},
  biburl    = {https://dblp.org/rec/conf/issep/BarendsenS16.bib},
  bibsource = {dblp computer science bibliography, https://dblp.org}
}

@proceedings{conf/issep/2016,
  editor    = {Andrej Brodnik and
               Fran{\c{c}}oise Tort},
  title     = {Informatics in Schools: Improvement of Informatics Knowledge and Perception
               - 9th International Conference on Informatics in Schools: Situation,
               Evolution, and Perspectives, {ISSEP} 2016, M{\"{u}}nster, Germany,
               October 13-15, 2016, Proceedings},
  series    = {Lecture Notes in Computer Science},
  publisher = {Springer},
  volume    = {9973},
  year      = {2016},
  url       = {https://doi.org/10.1007/978-3-319-46747-4},
  doi       = {10.1007/978-3-319-46747-4},
  isbn      = {978-3-319-46746-7},
  timestamp = {Sat, 09 Apr 2022 11:52:04 +0200},
  biburl    = {https://dblp.org/rec/conf/issep/2016.bib},
  bibsource = {dblp computer science bibliography, https://dblp.org}
}

@proceedings{conf/ppdp/2012,
  editor    = {Danny De Schreye and
               Gerda Janssens and
               Andy King},
  title     = {Principles and Practice of Declarative Programming, PPDP'12, Leuven,
               Belgium - September 19 - 21, 2012},
  publisher = {{ACM}},
  year      = {2012},
  url       = {http://dl.acm.org/citation.cfm?id=2370776},
  isbn      = {978-1-4503-1522-7},
  timestamp = {Sun, 11 Nov 2012 19:34:31 +0100},
  biburl    = {https://dblp.org/rec/conf/ppdp/2012.bib},
  bibsource = {dblp computer science bibliography, https://dblp.org}
}

@proceedings{conf/ppdp/2019,
  editor    = {Ekaterina Komendantskaya},
  title     = {Proceedings of the 21st International Symposium on Principles and
               Practice of Programming Languages, {PPDP} 2019, Porto, Portugal, October
               7-9, 2019},
  publisher = {{ACM}},
  year      = {2019},
  url       = {https://doi.org/10.1145/3354166},
  doi       = {10.1145/3354166},
  isbn      = {978-1-4503-7249-7},
  timestamp = {Thu, 26 Sep 2019 14:21:31 +0200},
  biburl    = {https://dblp.org/rec/conf/ppdp/2019.bib},
  bibsource = {dblp computer science bibliography, https://dblp.org}
}

@proceedings{conf/sfp/2016,
  editor    = {David Van Horn and
               John Hughes},
  title     = {Trends in Functional Programming - 17th International Conference,
               {TFP} 2016, College Park, MD, USA, June 8-10, 2016, Revised Selected
               Papers},
  series    = {Lecture Notes in Computer Science},
  volume    = {10447},
  publisher = {Springer},
  year      = {2019},
  url       = {https://doi.org/10.1007/978-3-030-14805-8},
  doi       = {10.1007/978-3-030-14805-8},
  isbn      = {978-3-030-14804-1},
  timestamp = {Tue, 08 Mar 2022 10:14:58 +0100},
  biburl    = {https://dblp.org/rec/conf/sfp/2016.bib},
  bibsource = {dblp computer science bibliography, https://dblp.org}
}

@proceedings{conf/sfp/2017,
  editor    = {Wang, Meng and Owens, Scott},
  title     = {Trends in Functional Programming - 18th International Symposium, {TFP} 2017, Canterbury, UK, June 19-21, 2017, Revised Selected Papers},
  series    = {Lecture Notes in Computer Science},
  volume    = {10788},
  publisher = {Springer},
  year      = {2018},
  url       = {https://doi.org/10.1007/978-3-319-89719-6},
  doi       = {10.1007/978-3-319-89719-6},
  isbn      = {978-3-319-89718-9},
  timestamp = {Tue, 14 May 2019 10:00:44 +0200},
  biburl    = {https://dblp.org/rec/conf/sfp/2017.bib},
  bibsource = {dblp computer science bibliography, https://dblp.org}
}
