@article{barker1995designing,
  author    = {Barker, Philip and Banerji, Ashok},
  journal   = {Innovations in Education and Training International},
  number    = {1},
  pages     = {4--12},
  publisher = {Taylor \& Francis Group},
  title     = {Designing electronic performance support systems},
  volume    = {32},
  year      = {1995}
}

@incollection{berner2007overview,
  author    = {Berner, Eta S and La Lande, Tonya J},
  booktitle = {Clinical decision support systems},
  pages     = {3--22},
  publisher = {Springer},
  title     = {Overview of clinical decision support systems},
  year      = {2007}
}

@inproceedings{berry2011hiphop,
  author       = {Berry, G{\'e}rard and Nicolas, Cyprien and Serrano, Manuel},
  booktitle    = {Proceedings of the 1st {ACM SIGPLAN} international workshop on Programming language and systems technologies for internet clients},
  organization = {ACM},
  pages        = {49--56},
  title        = {{HipHop}: {A} synchronous reactive extension for {Hop}},
  year         = {2011}
}

@book{biggs2011teaching,
  author    = {Biggs, John B},
  publisher = {McGraw-Hill Education (UK)},
  title     = {Teaching for quality learning at university: What the student does},
  year      = {2011}
}

@book{books/Downey08LBOS,
  author    = {Allen B. Downey},
  publisher = {Green Tea Press},
  title     = {The Little Book of Semaphores},
  year      = {2008}
}

@inproceedings{Boyer1975,
  author    = {Boyer, Robert S. and Elspas, Bernard and Levitt, Karl N.},
  booktitle = {Proceedings of the International Conference on Reliable Software},
  pages     = {234--245},
  publisher = {ACM},
  title     = {{SELECT} - a Formal System for Testing and Debugging Programs by Symbolic Execution},
  year      = {1975}
}

@article{Bui2017Class,
  author  = {Hieu, Bui},
  journal = {American Journal of Computer Science and Information Engineering},
  numer   = {2},
  pages   = {16-23},
  title   = {A Classification of Data-Driven Hint Generation Techniques for Code-Writing Intelligent Tutoring Systems},
  volume  = {4},
  year    = {2017}
}

@phdthesis{chen2017chorus,
  author      = {Chen, Jodie Lian},
  institution = {Massachusetts Institute of Technology},
  title       = {Chorus: end user programming of social applications},
  year        = {2017}
}

@inproceedings{conf/iscram/LijnseJP12,
  author    = {Bas Lijnse and Jan Martin Jansen and Rinus Plasmeijer},
  booktitle = {Proceedings of {ISCRAM}},
  title     = {Incidone: A Task-Oriented Incident Coordination Tool},
  year      = {2012}
}

@techreport{CooperK04,
  address     = {Rhode Island},
  author      = {Gregory Cooper and Shriram Krishnamurthi},
  institution = {Department of Computer Science, Brown University},
  number      = {CS-03-20},
  pubcat      = {techreport},
  title       = {{FrTime}: Functional Reactive Programming in PLT Scheme},
  year        = {2004}
}

@inproceedings{folsom2010plan,
  author    = {Folsom-Kovarik, Jeremiah T and Schatz, Sae and Nicholson, Denise},
  booktitle = {Proceedings of the 19th Behavior Representation in Modeling \& Simulation (BRIMS) Conference},
  pages     = {47--54},
  title     = {Plan ahead: Pricing ITS learner models},
  year      = {2010}
}

@article{galagan1979problem,
  author    = {Galagan, N.I.},
  journal   = {Cybernetics and Systems Analysis},
  number    = {2},
  pages     = {255--266},
  publisher = {Springer},
  title     = {Problem description language {SITPLAN}},
  volume    = {15},
  year      = {1979}
}

@inproceedings{HallahanXP2017,
  author    = {William T. Hallahan and Anton Xue and Ruzica Piskac.},
  booktitle = {Proceedings of {TAPAS} 17},
  title     = {Building a Symbolic Execution Engine for {Haskell}},
  year      = {2017}
}

@inproceedings{Hieu2017Analysis,
  author    = {Hieu, Bui Trong and Y, Nguyen Van},
  booktitle = {IPASJ INTERNATIONAL JOURNAL OF INFORMATION TECHNOLOGY},
  number    = {3},
  pages     = {1--10},
  title     = {Analysis Techniques for Data-Driven Hint Generation for Code-Writing Intelligent Tutoring Systems},
  volume    = {5},
  year      = {2017}
}

@incollection{jeuring2015communicate,
  author    = {Jeuring, Johan and Grosfeld, Frans and Heeren, Bastiaan and Hulsbergen, Michiel and IJntema, Richta and Jonker, Vincent and Mastenbroek, Nicole and van der Smagt, Maarten and Wijmans, Frank and Wolters, Majanne},
  booktitle = {Proceedings of {EC-TEL} 2015: Design for Teaching and Learning in a Networked World},
  pages     = {513--517},
  publisher = {Springer},
  series    = {LNCS},
  title     = {Communicate! {A} Serious Game for Communication Skillsâ€”},
  volume    = {9307},
  year      = {2015}
}

@inproceedings{junghanns1997sokoban,
  author    = {Junghanns, Andreas and Schaeffer, Jonathan},
  booktitle = {In IJCAI Workshop on Using Games as an Experimental Testbed for AI Reasearch},
  title     = {Sokoban: A challenging single-agent search problem},
  year      = {1997}
}

@unpublished{kovacs2011bnf,
  author = {Kovacs, Daniel L.},
  title  = {{BNF} definition of {PDDL} 3.1},
  year   = {2011}
}

@article{kovacs2012multi,
  author  = {Kovacs, Daniel L.},
  journal = {WS-IPC 2012},
  pages   = {19},
  title   = {A Multi-Agent Extension of {PDDL}3.},
  year    = {2012}
}

@article{kulik2016effectiveness,
  author    = {Kulik, James A and Fletcher, JD},
  journal   = {Review of Educational Research},
  number    = {1},
  pages     = {42--78},
  publisher = {SAGE Publications},
  title     = {Effectiveness of intelligent tutoring systems: a meta-analytic review},
  volume    = {86},
  year      = {2016}
}

@inproceedings{le2014towards,
  author    = {Le, Nguyen-thinh and Pinkwart, Niels},
  booktitle = {Proceedings of the 2nd Workshop on AI-supported Education for Computer Science},
  title     = {Towards a classification for programming exercises},
  year      = {2014}
}

@manual{manuals/PlasmeijerEG98,
  address      = {Nijmegen, The Netherlands},
  author       = {Rinus Plasmeijer and
Marko van Eekelen and
John van Groningen},
  edition      = {2.2},
  organisation = {University of Nijmegen},
  title        = {Concurrent {C}lean language report},
  year         = {1998}
}

@incollection{murray2003overview,
  author    = {Murray, Tom},
  booktitle = {Authoring tools for advanced technology learning environments},
  pages     = {491--544},
  publisher = {Springer},
  title     = {An Overview of Intelligent Tutoring System Authoring Tools: Updated analysis of the state of the art},
  year      = {2003}
}

@techreport{plasmeijer2002clean,
  author = {Plasmeijer, Rinus and van Eekelen, Marko and van Groningen, John},
  title  = {Clean language report version 2.1},
  year   = {2002}
}

@book{power2002decision,
  author    = {Power, Daniel J},
  publisher = {Greenwood Publishing Group},
  title     = {Decision support systems: concepts and resources for managers},
  year      = {2002}
}

@misc{reactive-banana,
  author       = {Heinrich Apfelmus},
  howpublished = {\url{https://hackage.haskell.org/package/reactive-banana}},
  note         = {Accessed 13-Febuary-2019},
  title        = {reactive-banana},
  year         = {2019}
}

@article{schaik2002designing,
  author    = {Schaik, Paul Van and Pearson, Robert and Barker, Philip},
  journal   = {Innovations in Education and Teaching International},
  number    = {4},
  pages     = {289--306},
  publisher = {Taylor \& Francis},
  title     = {Designing electronic performance support systems to facilitate learning},
  volume    = {39},
  year      = {2002}
}

@inproceedings{school/maktoberdorf/PeytonJones01,
  author    = {Simon {Peyton Jones}},
  booktitle = {Engineering theories of software construction, {Marktoberdorf} Summer School 2000},
  title     = {Tackling the awkward squad: monadic input/output, concurrency, exceptions, and foreign-language calls in {H}askell},
  year      = {2001}
}

@article{sharda1988decision,
  author    = {Sharda, Ramesh and Barr, Steve H and MCDonnell, James C},
  journal   = {Management science},
  number    = {2},
  pages     = {139--159},
  publisher = {INFORMS},
  title     = {Decision support system effectiveness: a review and an empirical test},
  volume    = {34},
  year      = {1988}
}

@article{shute2008focus,
  author    = {Shute, Valerie J},
  journal   = {Review of educational research},
  number    = {1},
  pages     = {153--189},
  publisher = {Sage Publications},
  title     = {Focus on formative feedback},
  volume    = {78},
  year      = {2008}
}

@book{sottilare2015design,
  author    = {Sottilare, Robert and Graesser, Arthur and Hu, Xiangen and Brawner, Keith},
  publisher = {Robert Sottilare},
  title     = {Design recommendations for intelligent tutoring systems: Authoring tools and expert modeling techniques},
  year      = {2015}
}

@misc{stephenlavelle2016,
  author       = {Stephen Lavelle},
  howpublished = {\url{https://www.puzzlescript.net}},
  note         = {Accessed 12-Febuary-2019},
  title        = {Puzzle{S}cript},
  year         = {2016}
}

@unpublished{stutterheim,
  author = {Jurri{\"{e}}n Stutterheim and Peter Achten and Rinus Plasmeijer},
  title  = {C2 Demo},
  year   = {2016}
}

@misc{theses/nlda/Kool17,
  author       = {Bram Kool},
  howpublished = {Bachelor's Thesis},
  note         = {Dutch Defence Academy, Den Helder, The Netherlands},
  title        = {Integrated Mission Management voor {C2}-on\-der\-steu\-ning},
  year         = {2017}
}

@phdthesis{theses/radboud/Stutterheim17,
  address     = {Nijmegen, The Netherlands},
  author      = {Jurri{\"{e}}n Stutterheim},
  institution = {Radboud University},
  school      = {Radboud University},
  title       = {A Cocktail of Tools},
  year        = {2017}
}

@mastersthesis{theses/radboud/VinterHviid18,
  address     = {Nijmegen, The Netherlands},
  author      = {Andreas Vinter-Hviid},
  institution = {Radboud University},
  title       = {Modular semantics for task-oriented programming},
  year        = {2018}
}

@book{turban1988decision,
  author    = {Turban, Efraim},
  publisher = {Macmillan},
  title     = {Decision support and expert systems: Managerial perspectives},
  year      = {1988}
}

@article{weber2001elm,
  author  = {Weber, Gerhard and Brusilovsky, Peter},
  journal = {International Journal of Artificial Intelligence in Education (IJAIED)},
  pages   = {351--384},
  title   = {ELM-ART: An adaptive versatile system for Web-based instruction},
  volume  = {12},
  year    = {2001}
}

@inproceedings{younes2004ppddl1,
  author    = {Younes, Hakan L.S. and Littman, Michael L.},
  booktitle = {Proc. International Planning Competition},
  title     = {{PPDDL}1. 0: The language for the probabilistic part of IPC-4},
  year      = {2004}
}

@misc{bpel,
  author       = {OASIS},
  title        = {Web Services Business Process Execution Language},
  howpublished = {\url{https://www.oasis-open.org/committees/tc_home.php?wg_abbrev=wsbpel}},
  year         = {2019},
  note         = {[Accessed 12-Febuary-2019]}
}

@article{boussinot1991esterel,
  title     = {The {Esterel} language},
  author    = {Boussinot, Fr{\'e}d{\'e}ric and De Simone, Robert},
  journal   = {Proceedings of the IEEE},
  volume    = {79},
  number    = {9},
  pages     = {1293--1304},
  year      = {1991},
  publisher = {IEEE}
}


@misc{IFTTT,
  author       = {Linden Tibbets},
  title        = {IFTTT},
  howpublished = {\url{https://ifttt.com/}},
  year         = {2019},
  note         = {[Accessed 12-Febuary-2019]}
}

@misc{googleforms,
  author       = {Google},
  title        = {Forms},
  howpublished = {\url{https://www.google.com/forms/about/}},
  year         = {2019},
  note         = {[Accessed 12-Febuary-2019]}
}

@misc{wufoo,
  author       = {SurveyMonkey},
  title        = {SurveyMonkey},
  howpublished = {\url{https://surveymonkey.com/}},
  year         = {2019},
  note         = {[Accessed 12-Febuary-2019]}
}

@techreport{ObjectManagementGroup:2017uy,
  author      = {{Object Management Group}},
  title       = {{Unified Modeling Language}},
  institution = {Object Management Group},
  year        = {2017},
  month       = dec
}

@techreport{ObjectManagementGroup:2011wv,
  author      = {{Object Management Group}},
  title       = {{Business Process Model and Notation}},
  institution = {Object Management Group},
  year        = {2011},
  month       = jan
}

@book{Milner:1999wc,
  author    = {Milner, Robin},
  title     = {{Communicating with mobile agents: The Pi-calculus}},
  publisher = {Cambridge University Press},
  year      = {1999},
  address   = {Cambride, UK}
}

@inproceedings{Henrix:2012ga,
  author    = {Henrix, Jeroen and Plasmeijer, Rinus and Achten, Peter},
  title     = {{GiN: A Graphical Language and Tool for Defining iTask Workflows}},
  booktitle = {Trends in Functional Programming},
  year      = {2012},
  pages     = {163--178},
  publisher = {Springer, Berlin, Heidelberg},
  address   = {Berlin, Heidelberg}
}

@article{Maloney:2010dg,
  author  = {Maloney, John and Resnick, Mitchel and Rusk, Natalie and Silverman, Brian and Eastmond, Evelyn},
  title   = {{The Scratch Programming Language and Environment}},
  journal = {ACM Transactions on Computing Education (TOCE)},
  year    = {2010},
  volume  = {10},
  number  = {4},
  pages   = {16--15},
  month   = nov
}

@webpage{Fraser:2014go,
  author = {Fraser, Neil},
  title  = {{Google blockly-a visual programming editor}},
  year   = {2014}
}

@inproceedings{Fournet:1996dy,
  author    = {Fournet, C{\'e}dric and Gonthier, Georges},
  title     = {{The reflexive CHAM and the join-calculus}},
  booktitle = {23rd ACM SIGPLAN Symposium on Principles of Programming Languages},
  year      = {1996},
  pages     = {372--385},
  publisher = {ACM},
  address   = {New York, New York, USA},
  month     = jan
}

@incollection{jansen2018dynamic,
  title     = {Dynamic Resource and Task Management},
  author    = {Jansen, JM and Bolderheij, F},
  booktitle = {NL ARMS Netherlands Annual Review of Military Studies 2018},
  pages     = {91--105},
  year      = {2018},
  publisher = {Springer}
}

@article{King1975,
  author    = {King, James C.},
  title     = {A New Approach to Program Testing},
  journal   = {SIGPLAN Notices},
  volume    = {10},
  number    = {6},
  year      = {1975},
  pages     = {228--233},
  publisher = {ACM}
}

@inproceedings{Boyer1975,
  author    = {Boyer, Robert S. and Elspas, Bernard and Levitt, Karl N.},
  title     = {{SELECT} - a Formal System for Testing and Debugging Programs by Symbolic Execution},
  booktitle = {Proceedings of the International Conference on Reliable Software},
  year      = {1975},
  pages     = {234--245},
  publisher = {ACM}
}

@inproceedings{BucurKC2014,
  author    = {Stefan Bucur and
               Johannes Kinder and
               George Candea},
  title     = {Prototyping symbolic execution engines for interpreted languages},
  booktitle = {Architectural Support for Programming Languages and Operating Systems},
  pages     = {239--254},
  year      = {2014}
}

@inproceedings{CadarDE2008,
  author    = {Cristian Cadar and Daniel Dunbar and Dawson R. Engler},
  title     = {{KLEE}: Unassisted and Automatic Generation of High-Coverage Tests for Complex Systems Programs},
  booktitle = {Proceedings eight {USENIX} Symposium on Operating Systems Design and Implementation},
  pages     = {209--224},
  publisher = {USENIX Association},
  year      = {2008}
}

@incollection{JaffarMNS2012,
  author    = {Joxan Jaffar and Vijayaraghavan Murali and Jorge A. Navas and Andrew E. Santosa},
  editor    = {P. Madhusudan and Sanjit A. Seshia},
  title     = {{TRACER}: {A} Symbolic Execution Tool for Verification},
  booktitle = {Computer Aided Verification, {CAV}'12},
  pages     = {758--766},
  publisher = {Springer-Verlag},
  year      = {2012}
}

@article{ChangKT2018,
  title   = {Symbolic types for lenient symbolic execution},
  author  = {Stephen Chang and Alex Knauth and Emina Torlak},
  journal = {Proceedings of the ACM on Programming Languages, {POPL}'18},
  year    = {2018},
  volume  = {2},
  pages   = {40:1--40:29}
}

@article{GiantsiosPS2017,
  author  = {Aggelos Giantsios and
               Nikolaos Papaspyrou and
               Konstantinos Sagonas},
  title   = {Concolic testing for functional languages},
  journal = {Science of Computer Programming},
  volume  = {147},
  pages   = {109--134},
  year    = {2017}
}

@inproceedings{FindlerF2002,
  author    = {Robert Bruce Findler and
               Matthias Felleisen},
  title     = {Contracts for higher-order functions},
  booktitle = {Proceedings of the Seventh {ACM} {SIGPLAN} International Conference
               on Functional Programming, {ICFP}'02},
  pages     = {48--59},
  year      = {2002}
}

@article{NguyenTH2017,
  title   = {Higher order symbolic execution for contract verification and refutation},
  author  = {Phuc C. Nguyen and Sam Tobin-Hochstadt and David Van Horn},
  journal = {Journal of Functional Programming},
  year    = {2017},
  volume  = {27}
}

@article{Hoare1969,
  author  = {Tony Hoare},
  title   = {An Axiomatic Basis for Computer Programming},
  journal = {{CACM}: Communications of the {ACM}},
  volume  = {12},
  year    = {1969}
}

@book{NielsonN1992,
  author    = {Hanne Riis Nielson and
               Flemming Nielson},
  title     = {Semantics With Applications - A Formal Introduction},
  series    = {Wiley professional computing},
  publisher = {Wiley},
  year      = {1992},
  isbn      = {978-0-471-92980-2}
}

@article{NanevskiMB2006,
  author  = {Aleksandar Nanevski and Greg Morrisett and Lars Birkedal},
  title   = {Polymorphism and separation in {Hoare} type theory},
  journal = {{ACM} {SIG}{\-}{PLAN} Notices},
  volume  = {41},
  number  = {9},
  pages   = {62--73},
  year    = {2006}
}

@inproceedings{NanevskiMSGB08,
  author    = {Aleksandar Nanevski and
               Greg Morrisett and
               Avraham Shinnar and
               Paul Govereau and
               Lars Birkedal},
  title     = {Ynot: dependent types for imperative programs},
  booktitle = {Proceeding of the 13th {ACM} {SIGPLAN} international conference on Functional programming, {ICFP}'08},
  pages     = {229--240},
  year      = {2008}
}

@inproceedings{SwamyWSCL2013,
  author    = {Nikhil Swamy and
               Joel Weinberger and
               Cole Schlesinger and
               Juan Chen and
               Benjamin Livshits},
  title     = {Verifying higher-order programs with the dijkstra monad},
  booktitle = {{ACM} {SIGPLAN} Conference on Programming Language Design and Implementation,
               {PLDI} '13},
  pages     = {387--398},
  year      = {2013}
}

@inproceedings{Swierstra2009,
  title     = {A Hoare Logic for the State Monad},
  author    = {Wouter Swierstra},
  booktitle = {22nd International Conference on Theorem Proving in Higher Order Logics, {TPHOLs}'09},
  publisher = {Springer},
  year      = {2009},
  pages     = {440--451}
}

@inproceedings{Steenvoorden2019,
  author    = {Steenvoorden, Tim},
  title     = {Visual Task-Oriented Programming using Taskflows},
  booktitle = {Central European Functional Programming School - 8th Summer School, {CEFP} 2019, Budapest, Hungary, June 17â€“21, 2019, Revised Selected Papers},
  year      = {2019},
  crossref  = {conf/cefp/2019}
}
  pages     = {1--45},
  url       = {https://doi.org/10.1007/978-3-642-32096-5\_1},
  doi       = {10.1007/978-3-642-32096-5\_1},
  timestamp = {Tue, 14 May 2019 10:00:42 +0200},

@proceedings{conf/cefp/2019,
  editor    = {Zs{\'{o}}k, Vikt{\'{o}}ria and Horv{\'{a}}th, Zolt{\'{a}}n and Grelck, Clemens},
  booktitle = {Central European Functional Programming School - 8th Summer School, {CEFP} 2019, Budapest, Hungary, June 17â€“21, 2019, Revised Selected Papers},
  series    = {Lecture Notes in Computer Science},
  publisher = {Springer},
  year      = {2019},
  note      = {Accepted for publication},
}
  volume    = {7241},
  url       = {https://doi.org/10.1007/978-3-642-32096-5},
  doi       = {10.1007/978-3-642-32096-5},
  isbn      = {978-3-642-32095-8},
  timestamp = {Tue, 14 May 2019 10:00:42 +0200},
  biburl    = {https://dblp.org/rec/conf/cefp/2011.bib},
  bibsource = {dblp computer science bibliography, https://dblp.org}

@thesis{Klijnsma2020,
  author  = {Klijnsma, Tosca},
  title   = {Semantic Equivalence of Task-Oriented Programs in TopHat},
  school  = {Radboud University},
  year    = 2020,
  address = {Nijmegen, the Netherlands},
  note    = {Supervised by Tim Steenvoorden and Herman Geuvers}
}

@inproceedings{conf/sfp/KlijnsmaS22,
  author    = {Klijnsma, Tosca and Steenvoorden, Tim},
  title     = {Semantic equivalence of task-oriented programs in {TopHat}},
  booktitle = {Trends in Functional Programming - 23th International Conference, {TFP} 2022, online, March 17-18, 2022},
  year      = {2022},
  crossref  = {conf/sfp/2022},
  note      = {Submitted for review},
}

@inproceedings{conf/sfp/GerartsHNS22,
  author    = {Gerarts, Mark and de Hoog, Marc, and Naus, Nico and Steenvoorden, Tim},
  title     = {Creating Interactive Visualizations of TopHat Programs},
  booktitle = {Trends in Functional Programming - 23th International Conference, {TFP} 2022, online, March 17-18, 2022},
  year      = {2022},
  crossref  = {conf/sfp/2022},
  note      = {Submitted for review},
}

@proceedings{conf/sfp/2022,
  editor    = {Wouter Swierstra and Nicolas Wu},
  title     = {Trends in Functional Programming - 23th International Conference, {TFP} 2022, online, March 17-18, 2022},
  series    = {Lecture Notes in Computer Science},
  publisher = {Springer},
  year      = {2022},
}
  volume    = {10447},
  url       = {https://doi.org/10.1007/978-3-030-14805-8},
  doi       = {10.1007/978-3-030-14805-8},
  isbn      = {978-3-030-14804-1},
  timestamp = {Wed, 02 Dec 2020 11:57:00 +0100},
  biburl    = {https://dblp.org/rec/conf/sfp/2016.bib},
  bibsource = {dblp computer science bibliography, https://dblp.org}
}

@article{SteenvoordenN2022,
  author  = {Steenvoorden, Tim and Naus, Nico},
  title   = {TopHat: task-oriented programming with style},
  journal = {Journal of Functional Programming},
  note    = {To be submitted}
}
  volume    = {23},
  number    = {5},
  pages     = {552--593},
  year      = {2013},
  url       = {https://doi.org/10.1017/S095679681300018X},
  doi       = {10.1017/S095679681300018X},
  timestamp = {Sun, 21 Jun 2020 17:42:23 +0200},
  biburl    = {https://dblp.org/rec/journals/jfp/Brady13.bib},
  bibsource = {dblp computer science bibliography, https://dblp.org}


@techreport{UML1.4,
  author  = {\caps{omg}},
  title   = {Unified Modeling Language Specification},
  version = {Version 1.4},
  year    = {2001}
}

@techreport{BPMN2.0.2,
  author  = {\caps{omg}},
  title   = {Business Process Model and Notation},
  version = {2.0.2},
  year    = {2014}
}

@article{ReijswoudMD1999,
  title     = {Communicative action-based business process and information systems modelling with DEMO},
  author    = {Van Reijswoud, Victor E and Mulder, Hans BF and Dietz, Jan LG},
  journal   = {Information Systems Journal},
  volume    = {9},
  number    = {2},
  pages     = {117--138},
  year      = {1999},
  publisher = {Wiley Online Library}
}

@inproceedings{lijnse2012incidone,
  title     = {Incidone: A task-oriented incident coordination tool},
  author    = {Lijnse, Bas and Jansen, Jan Martin and Plasmeijer, Rinus and others},
  booktitle = {Proceedings of the 9th International Conference on Information Systems for Crisis Response and Management, ISCRAM},
  volume    = {12},
  year      = {2012}
}

@article{marlow2010haskell,
  title   = {Haskell 2010 language report},
  author  = {Marlow, Simon and others},
  journal = {Available on: https://www. haskell. org/onlinereport/haskell2010},
  year    = {2010}
}

@phdthesis{Naus20,
  author      = {Naus, Nico},
  institution = {Utrecht University},
  title       = {Assisting end users in workflow systems},
  year        = {2020}
}

@phdthesis{Steenvoorden22,
  author      = {Steenvoorden, Tim},
  institution = {Radboud University},
  title       = {TopHat: Task-oriented programming with style},
  year        = {2022}
}

@misc{Sewell2009,
  author       = {Peter Sewell},
  title        = {Semantics of Programming Languages, Computer Science Tripos, Part 1B},
  year         = {2017},
  pages        = {107--113},
  publisher    = {Computer Laboratory, University of Cambridge},
  url          = {https://www.cl.cam.ac.uk/teaching/1718/Semantics/notes.pdf},
  note         = {Accessed 29-November-2019}
}

@article{ouyang2006translating,
  title={Translating bpmn to bpel},
  author={Ouyang, Chun and van der Aalst, Wil MP and Dumas, Marlon and Ter Hofstede, Arthur HM},
  year={2006},
  publisher={BPM Center}
}

@article{ballard2014swift,
  title={Swift Playgrounds},
  author={Ballard, Rick and Wakamo, Connor},
  journal={Tools,\# WWDC14, Session},
  volume={408},
  pages={134},
  year={2014}
}

@book{loder2018web,
  title={Web Applications with Elm: Functional Programming for the Web},
  author={Loder, Wolfgang},
  year={2018},
  publisher={Apress}
}

@misc{com/tss/viia,
  title={{Vessel Information Integrating Application}},
  author={{\TOP\ Software Systems}},
  howpublished={\url{https://top-software.nl/VIIA.html}},
  year=2022,
}

@article{berkling1992conceptual,
  title={Conceptual Background for Symbolic Computation},
  author={Berkling, Klaus},
  year={1992}
}

@mastersthesis{edu/radboud/mol20,
  author  = {Mol, Justin},
  title   = {{iTasks} {Mojito}: Towards a usable workbench for creating taskflows},
  school  = {Radboud University},
  year    = 2020,
  address = {Nijmegen, the Netherlands},
}

@techreport{edu/radboud/SteenvoordenSBP17,
  title={Visual Support for Learning Monads},
  author={Steenvoorden, Tim and Stutterheim, Jurri{\"e}n and Barendsen, Erik and Plasmeijer, Rinus},
  institution= {Radboud University},
  address= {Nijmegen, the Netherlands},
  number = {ICIS-R17001},
  year={2017},
}
